1bd3c1e75d83f9f881f75435b13ad606