@Article{Ben-2010-theOz-School-Appraisal,
  author  = {Ben Jensen},
  title   = {School Appraisal},
  journal = {The Australian},
  date    = {2010-01-27},
}


@Article{David-2010-theAge-Health-System,
  author  = {David Penington},
  title   = {Health System},
  journal = {The Age},
  date    = {2010-03-31},
}


@Article{Ben-2010-theAge-NAPLAN,
  author  = {Ben Jensen},
  title   = {NAPLAN},
  journal = {The Age},
  date    = {2010-04-15},
}


@Article{John-2010-AFR-Carbon-Permits,
  author  = {John Daley},
  title   = {Carbon Permits},
  journal = {Australian Financial Review},
  date    = {2010-04-22},
}


@Article{David-2010-theOz-Health-System,
  author  = {David Penington},
  title   = {Health System},
  journal = {The Australian},
  date    = {2010-04-30},
}


@Article{Ben-2010-Independence(JournaloftheAssociationofHeadsofIndependentSchoolsofAustralia-Value-Added-Measures-of-School-Performance,
  author  = {Ben Jensen},
  title   = {Value Added Measures of School Performance},
  journal = {Independence (Journal of the Association of Heads of Independent Schools of Australia},
  date    = {2010-05-01},
}


@Article{Bruce-2010-theAge-Water-ways,
  author  = {Bruce Cohen  and  Martin Cave},
  title   = {Water ways},
  journal = {The Age},
  date    = {2010-05-11},
}


@Article{Ben-2010-CanberraTimes-Good-Teachers,
  author  = {Ben Jensen},
  title   = {Good Teachers},
  journal = {Canberra Times},
  date    = {2010-05-24},
}


@Article{Ben-2010-SMH-What-Teachers-Want,
  author  = {Ben Jensen},
  title   = {What Teachers Want},
  journal = {Sydney Morning Herald},
  date    = {2010-05-24},
}


@Article{John-2010-PointCarbon-Price-on-Carbon,
  author  = {John Daley and Tristan Edis},
  title   = {Price on Carbon},
  journal = {PointCarbon},
  date    = {2010-06-01},
}


@Article{Ben-2010-ProfessionalEducator-Value-Added-Measures-of-School-Performance,
  author  = {Ben Jensen},
  title   = {Value Added Measures of School Performance},
  journal = {Professional Educator},
  date    = {2010-06-01},
}


@Article{Jane-Frances-2010-VictorianCouncilofSocialService-A-Liveable-City,
  author  = {Jane-Frances Kelly and Helen Morrow},
  title   = {A Liveable City},
  journal = {Victorian Council of Social Service},
  date    = {2010-06-17},
}


@Article{Jane-Frances-2010-theAge-The-Residents-Come-First-in-a-Liveable-City,
  author  = {Jane-Frances Kelly},
  title   = {The Residents Come First in a Liveable City},
  journal = {The Age},
  date    = {2010-06-30},
}


@Article{John-2010-AFR-Carbon-Pain,
  author  = {John Daley and Tristan Edis},
  title   = {Carbon Pain},
  journal = {Australian Financial Review},
  date    = {2010-07-15},
}


@Article{David-2010-theOz-More-Doctors,
  author  = {David Penington},
  title   = {More Doctors},
  journal = {Weekend Australian},
  date    = {2010-07-17},
}


@Article{Tristan-2010-ClimateSpectator-Putting-a-Price-on-Carbon-part-1,
  author  = {Tristan Edis},
  title   = {Putting a Price on Carbon - part 1},
  journal = {Climate Spectator},
  date    = {2010-08-11},
}


@Article{Tristan-2010-ClimateSpectator-Putting-a-Price-on-Carbon-part-2,
  author  = {Tristan Edis},
  title   = {Putting a Price on Carbon - part 2},
  journal = {Climate Spectator},
  date    = {2010-08-12},
}


@Article{Tristan-2010-ClimateSpectator-Putting-a-Price-on-Carbon-part-3,
  author  = {Tristan Edis},
  title   = {Putting a Price on Carbon - part 3},
  journal = {Climate Spectator},
  date    = {2010-08-12},
}


@Article{John-2010-AFR-Teacher-Quality,
  author  = {John Daley and Ben Jensen},
  title   = {Teacher Quality},
  journal = {Australian Financial Review},
  date    = {2010-08-17},
}


@Article{John-2010-NationalTimesonline-Tough-Decisions,
  author  = {John Daley},
  title   = {Tough Decisions},
  journal = {National Times online},
  date    = {2010-08-20},
}


@Article{Ben-2010-DirectionsinEducation-TBA,
  author  = {Ben Jensen},
  title   = {TBA},
  journal = {Directions in Education},
  date    = {2010-09-01},
}


@Article{John-2010-theAge-Hybrid-Scheme-the-Best-of-Both-Worlds-for-Cutting-Carbon,
  author  = {John Daley and Tristan Edis},
  title   = {Hybrid Scheme the Best of Both Worlds for Cutting Carbon},
  journal = {The Age},
  date    = {2010-09-24},
}


@Article{David-2010-theOz-Our-Health-System-Still-Needs-Change,
  author  = {David Penington},
  title   = {Our Health System Still Needs Change},
  journal = {Weekend Australian},
  date    = {2010-10-02},
}


@Article{John-2010-ClimateSpectator-A-Hybrid-Design-for-Carbon-Pricing,
  author  = {John Daley and Tristan Edis},
  title   = {A Hybrid Design for Carbon Pricing},
  journal = {Climate Spectator},
  date    = {2010-10-04},
}


@Article{Ben-2010-AdelaideAdvertiser-Teachers-Key-to-Learning,
  author  = {Ben Jensen},
  title   = {Teachers Key to Learning},
  journal = {Adelaide Advertiser},
  date    = {2010-10-12},
}


@Article{Jane-Frances-2010-theAge-Successful-Cities-Consult,
  author  = {Jane-Frances Kelly},
  title   = {Successful Cities Consult},
  journal = {The Age},
  date    = {2010-10-20},
}


@Article{John-2010-theOz-Broadband-Won-t-Drive-Regional-Business-Growth,
  author  = {John Daley},
  title   = {Broadband Won't Drive Regional Business Growth},
  journal = {The Australian},
  date    = {2010-10-28},
}


@Article{Ben-2010-SMH-Teach-Teachers-So-Students-Can-Learn,
  author  = {Ben Jensen},
  title   = {Teach Teachers So Students Can Learn},
  journal = {Sydney Morning Herald},
  date    = {2010-11-15},
}


@Article{John-2010-AFR-Betting-on-Nuclear-Power,
  author  = {John Daley},
  title   = {Betting on Nuclear Power},
  journal = {Australian Financial Review},
  date    = {2010-12-06},
}


@Article{Ben-2010-theOz-Future-Compromised-by-Failures-in-Education-System,
  author  = {Ben Jensen},
  title   = {Future Compromised by Failures in Education System},
  journal = {The Australian},
  date    = {2010-12-10},
}


@Article{John-2010-ClimateSpectator-Let-the-Markets-Lead-the-Way,
  author  = {John Daley and Tristan Edis},
  title   = {Let the Markets Lead the Way},
  journal = {Climate Spectator},
  date    = {2010-12-15},
}


@Article{John-2010-theOz-Market-Best-to-Reduce-Carbon,
  author  = {John Daley and Tristan Edis},
  title   = {Market Best to Reduce Carbon},
  journal = {The Australian},
  date    = {2010-12-16},
}


@Article{John-2011-AFR-Don-t-Repeat-Rudd-s-Compensation-Mistakes,
  author  = {John Daley and Tristan Edis},
  title   = {Don't Repeat Rudd's Compensation Mistakes},
  journal = {Australian Financial Review},
  date    = {2011-02-14},
}


@Article{Ben-2011-theOz-Finance-Data-Helps-Teachers,
  author  = {Ben Jensen},
  title   = {Finance Data Helps Teachers},
  journal = {The Australian},
  date    = {2011-03-04},
}


@Article{John-2011-AFR-Need-to-Address-Productivity-Slump,
  author  = {John Daley},
  title   = {Need to Address Productivity Slump},
  journal = {Australian Financial Review},
  date    = {2011-03-08},
}


@Article{Ben-2011-theOz-My-School-2-0-Step-in-the-Right-Direction,
  author  = {Ben Jensen},
  title   = {My School 2.0 Step in the Right Direction},
  journal = {The Australian},
  date    = {2011-03-15},
}


@Article{Ben-2011-theOz-Asian-Languages-Matter,
  author  = {Ben Jensen},
  title   = {Asian Languages Matter},
  journal = {The Australian},
  date    = {2011-03-23},
}


@Article{John-2011-AFR-Why-Markets-Can-Best-Cut-Carbon,
  author  = {John Daley},
  title   = {Why Markets Can Best Cut Carbon},
  journal = {Australian Financial Review},
  date    = {2011-03-29},
}


@Article{John-2011-theOz-Markets-still-the-best-option-to-reduce-greenhouse-gas-emissions,
  author  = {John Daley and Tristan Edis},
  title   = {Markets still the best option to reduce greenhouse gas emissions},
  journal = {The Australian},
  date    = {2011-04-07},
}


@Article{John-2011-Drum-Learning-the-hard-way-how-to-reduce-carbon-emissions,
  author  = {John Daley and Tristan Edis},
  title   = {Learning the hard way how to reduce carbon emissions},
  journal = {The Drum},
  date    = {2011-04-07},
}


@Article{Ben-2011-theOz-To-get-better-students-you-need-better-teachers,
  author  = {Ben Jensen},
  title   = {To get better students you need better teachers},
  journal = {The Australian},
  date    = {2011-04-18},
}


@Article{John-2011-AFR-Bolting-regions-need-better-support,
  author  = {John Daley and Annette Lancy},
  title   = {Bolting regions need better support},
  journal = {Australian Financial Review},
  date    = {2011-05-24},
}


@Article{John-2011-theWAOz-Cart-before-the-horse-in-regional-funding-policy,
  author  = {John Daley and Annette Lancy},
  title   = {Cart before the horse in regional funding policy},
  journal = {West Australian},
  date    = {2011-05-24},
}


@Article{John-2011-theOz-Small-Gains-for-Big-Investment,
  author  = {John Daley and Annette Lancy},
  title   = {Small Gains for Big Investment},
  journal = {The Australian},
  date    = {2011-06-01},
}


@Article{Saul-2011-LauncestonExaminer-It-is-Crunch-Time-for-State-s-Ailing-Budget,
  author  = {Saul Eslake},
  title   = {It is Crunch Time for State's Ailing Budget},
  journal = {Launceston Examiner},
  date    = {2011-06-14},
}


@Article{Ben-2011-theOz-Declining-Student-Performance,
  author  = {Ben Jensen},
  title   = {Declining Student Performance},
  journal = {The Australian},
  date    = {2011-07-05},
}


@Article{John-2011-AFR-Losing-the-Productivity-Race,
  author  = {John Daley and Marcus Walsh},
  title   = {Losing the Productivity Race},
  journal = {Australian Financial Review},
  date    = {2011-07-07},
}


@Article{Tony-2011-AFR-Carbon-Package-Moving-in-the-Right-Direction,
  author  = {Tony Wood},
  title   = {Carbon Package Moving in the Right Direction},
  journal = {Australian Financial Review},
  date    = {2011-07-11},
}


@Article{Ben-2011-theOz-We-Should-Turn-East-and-Learn-from-the-World-s-Best-School-Systems,
  author  = {Ben Jensen},
  title   = {We Should Turn East and Learn from the World's Best School Systems},
  journal = {The Australian},
  date    = {2011-07-29},
}


@Article{Ben-2011-theOz-Accepting-Underperformance,
  author  = {Ben Jensen},
  title   = {Accepting Underperformance},
  journal = {The Australian},
  date    = {2011-08-30},
}


@Article{Tony-2011-ClimateSpectator-Carbon-Concessions-Will-Hurt-Australia,
  author  = {Tony Wood and Tristan Edis},
  title   = {Carbon Concessions Will Hurt Australia},
  journal = {Climate Spectator},
  date    = {2011-08-30},
}


@Article{Tony-2011-AFR-Pain-of-Carbon-Protectionism,
  author  = {Tony Wood and Tristan Edis},
  title   = {Pain of Carbon Protectionism},
  journal = {Australian Financial Review},
  date    = {2011-08-31},
}


@Article{Tony-2011-theConvo-Plugging-the-leak-the-carbon-tax-must-reduce-emissions-not-just-save-jobs,
  author  = {Tony Wood and Tristan Edis},
  title   = {Plugging the leak: the carbon tax must reduce emissions, not just save jobs},
  journal = {The Conversation},
  date    = {2011-08-31},
}


@Article{Helen-2011-CarbonMarketAustralia-NewZealand-Australia-s-carbon-price-mechanism-predictability-and-flexibility-,
  author  = {Helen Morrow},
  title   = {Australia's carbon price mechanism: predictability and flexibility?},
  journal = {Carbon Market Australia-New Zealand},
  date    = {2011-09-02},
}


@Article{Andrew-2011-theAge-The-University-Gender-Gap,
  author  = {Andrew Norton},
  title   = {The University Gender Gap},
  journal = {The Age},
  date    = {2011-09-06},
}


@Article{John-2011-AFR-Inquiry-won-t-stop-a-changing-world,
  author  = {John Daley},
  title   = {Inquiry won't stop a changing world},
  journal = {Australian Financial Review},
  date    = {2011-09-19},
}


@Article{John-2011-theAge-Good-jobs-nurtured-in-schoolroom,
  author  = {John Daley},
  title   = {Good jobs nurtured in schoolroom},
  journal = {The Age},
  date    = {2011-10-10},
}


@Article{Andrew-2011-theAge-The-Rise-of-University-Rankings,
  author  = {Andrew Norton},
  title   = {The Rise of University Rankings},
  journal = {The Age},
  date    = {2011-10-12},
}


@Article{Tony-2011-theConvo-International-carbon-markets-what-are-the-implications-for-Australia-,
  author  = {Tony Wood},
  title   = {International carbon markets: what are the implications for Australia?},
  journal = {The Conversation},
  date    = {2011-10-19},
}


@Article{Andrew-2011-theAge-Filling-the-university-information-gap,
  author  = {Andrew Norton},
  title   = {Filling the university information gap},
  journal = {The Age},
  date    = {2011-11-08},
}


@Article{Jane-Frances-2011-SMH-A-tip-for-developers-give-residents-a-say-if-you-want-the-green-light,
  author  = {Jane-Frances Kelly},
  title   = {A tip for developers - give residents a say if you want the green light},
  journal = {Sydney Morning Herald},
  date    = {2011-11-14},
}


@Article{Jane-Frances-2011-NationalTimesonline-A-tip-for-developers-give-residents-a-say-if-you-want-the-green-light,
  author  = {Jane-Frances Kelly},
  title   = {A tip for developers - give residents a say if you want the green light},
  journal = {National Times online},
  date    = {2011-11-14},
}


@Article{Jane-Frances-2011-theAge-Balance-can-be-a-household-word,
  author  = {Jane-Frances Kelly},
  title   = {Balance can be a household word},
  journal = {The Age},
  date    = {2011-11-15},
}


@Article{Andrew-2011-theOz-Subsidy-review-plan-neither-fair-nor-enticing-for-students,
  author  = {Andrew Norton},
  title   = {Subsidy review plan neither fair nor enticing for students},
  journal = {The Australian},
  date    = {2011-12-14},
}


@Article{Tony-2011-theConvo-The-future-of-gas-power-stepping-stone-or-snare-,
  author  = {Tony Wood},
  title   = {The future of gas power: stepping-stone or snare?},
  journal = {The Conversation},
  date    = {2011-12-15},
}


@Article{Helen-2011-ClimateSpectator-The-right-way-to-value-solar,
  author  = {Helen Morrow},
  title   = {The right way to value solar},
  journal = {Climate Spectator},
  date    = {2011-12-21},
}


@Article{Andrew-2012-CampusReview-The-rights-of-international-students,
  author  = {Andrew Norton},
  title   = {The rights of international students},
  journal = {Campus Review},
  date    = {2012-01-24},
}


@Article{Tony-2012-AFR-Low-carbon-future-must-also-be-low-cost,
  author  = {Tony Wood},
  title   = {Low carbon future must also be low cost},
  journal = {Australian Financial Review},
  date    = {2012-02-06},
}


@Article{Tony-2012-BusinessSpectator-A-carbon-priced-world-is-not-enough,
  author  = {Tony Wood},
  title   = {A carbon-priced world is not enough},
  journal = {Business Spectator},
  date    = {2012-02-06},
}


@Article{Tony-2012-ClimateSpectator-A-bright-shine-in-small-solar-fixes,
  author  = {Tony Wood},
  title   = {A bright shine in small solar fixes},
  journal = {Climate Spectator},
  date    = {2012-02-14},
}


@Article{Ben-2012-theOz-Shanghai-success-a-lesson-in-delivery,
  author  = {Ben Jensen},
  title   = {Shanghai success a lesson in delivery},
  journal = {Weekend Australian},
  date    = {2012-02-18},
}


@Article{Andrew-2012-theAge-More-students-more-women-more-diversity,
  author  = {Andrew Norton},
  title   = {More students, more women, more diversity},
  journal = {The Age},
  date    = {2012-02-28},
}


@Article{John-2012-AFR-Business-will-have-to-live-with-carbon-price,
  author  = {John Daley},
  title   = {Business will have to live with carbon price},
  journal = {Australian Financial Review},
  date    = {2012-03-01},
}


@Article{Ben-2012-theOz-Gonski-review-reforms-must-not-be-delayed,
  author  = {Ben Jensen},
  title   = {Gonski review reforms must not be delayed},
  journal = {The Australian},
  date    = {2012-03-06},
}


@Article{Tony-2012-ClimateSpectator-Surrender-to-the-charge,
  author  = {Tony Wood},
  title   = {Surrender to the charge},
  journal = {Climate Spectator},
  date    = {2012-03-07},
}


@Article{Andrew-2012-theAge-Higher-education-pricing,
  author  = {Andrew Norton},
  title   = {Higher education pricing},
  journal = {The Age},
  date    = {2012-03-20},
}


@Article{Ben-2012-theOz-Sea-change-in-education-policy-needed,
  author  = {Ben Jensen},
  title   = {Sea change in education policy needed},
  journal = {The Australian},
  date    = {2012-04-02},
}


@Article{Jane-Frances-2012-Drum-Building-social-cities-the-value-of-the-human-connection,
  author  = {Jane-Frances Kelly},
  title   = {Building social cities: the value of the human connection},
  journal = {The Drum},
  date    = {2012-04-02},
}


@Article{Peter-2012-AFR-Give-city-dwellers-a-real-say,
  author  = {Peter Mares},
  title   = {Give city-dwellers a real say},
  journal = {Australian Financial Review},
  date    = {2012-04-03},
}


@Article{Andrew-2012-theOz-Science-graduates-outnumber-science-jobs,
  author  = {Andrew Norton},
  title   = {Science graduates outnumber science jobs},
  journal = {The Australian},
  date    = {2012-04-11},
}


@Article{John-2012-CEDA-Critiquing-government-regional-development-policies,
  author  = {John Daley},
  title   = {Critiquing government regional development policies},
  journal = {CEDA},
  date    = {2012-04-16},
}


@Article{Tony-2012-ClimateSpectator-The-CEFC-Balancing-Act,
  author  = {Tony Wood},
  title   = {The CEFC Balancing Act},
  journal = {Climate Spectator},
  date    = {2012-04-23},
}


@Article{Andrew-2012-theAge-Evaluating-academic-performance,
  author  = {Andrew Norton},
  title   = {Evaluating academic performance},
  journal = {The Age},
  date    = {2012-04-24},
}


@Article{Ben-2012-theOz-No-point-in-bad-bonus-scheme,
  author  = {Ben Jensen},
  title   = {No point in bad bonus scheme},
  journal = {The Australian},
  date    = {2012-05-09},
}


@Article{Tony-2012-CEDA-Policy-the-drug-of-choice-for-renewable-energy,
  author  = {Tony Wood},
  title   = {Policy - the drug of choice for renewable energy},
  journal = {CEDA},
  date    = {2012-05-15},
}


@Article{Ben-2012-theConvo-Teacher-bonus-schemes-,
  author  = {Ben Jensen},
  title   = {Teacher bonus schemes },
  journal = {The Conversation},
  date    = {2012-05-17},
}


@Article{Tony-2012-AFR-Aluminium-smelting-in-Australia,
  author  = {Tony Wood},
  title   = {Aluminium smelting in Australia},
  journal = {Australian Financial Review},
  date    = {2012-05-25},
}


@Article{Tony-2012-EnergyNetworks2012TMPCTheMagazinePublishingCompany-Carbon-will-be-constrained-Ready-or-not-,
  author  = {Tony Wood},
  title   = {Carbon will be constrained: Ready or not?},
  journal = {Energy Networks 2012 TMPC The Magazine Publishing Company},
  date    = {2012-05-31},
}


@Article{Andrew-2012-theAge-Lazy-thinking-leads-to-poor-policymaking,
  author  = {Andrew Norton},
  title   = {Lazy thinking leads to poor policymaking},
  journal = {The Age},
  date    = {2012-06-05},
}


@Article{John-2012-theConvo-How-can-Australian-governments-change-the-game-for-economic-growth-,
  author  = {John Daley},
  title   = {How can Australian governments change the game for economic growth?},
  journal = {The Conversation},
  date    = {2012-06-08},
}


@Article{John-2012-BusinessSpectator-Three-game-changers-for-Australian-growth,
  author  = {John Daley},
  title   = {Three game-changers for Australian growth},
  journal = {Business Spectator},
  date    = {2012-06-08},
}


@Article{John-2012-theOz-Top-three-game-changing-reforms-can-add-70bn-each-year-to-GDP,
  author  = {John Daley},
  title   = {Top three game-changing reforms can add $70bn each year to GDP},
  journal = {Weekend Australian},
  date    = {2012-06-09},
}


@Article{John-2012-AFR-Economic-game-changers-ignored,
  author  = {John Daley},
  title   = {Economic game-changers ignored},
  journal = {Australian Financial Review},
  date    = {2012-06-13},
}


@Article{Peter-2012-AFR-The-houses-we-want-aren-t-built,
  author  = {Peter Mares},
  title   = {The houses we want aren't built},
  journal = {Australian Financial Review},
  date    = {2012-06-25},
}


@Article{Peter-2012-SMH-Planning-policy-repairs-demand-public-support,
  author  = {Peter Mares},
  title   = {Planning policy repairs demand public support},
  journal = {Sydney Morning Herald},
  date    = {2012-06-30},
}


@Article{Tony-2012-AFR-Carbon-price-floor-crucial-to-its-aims,
  author  = {Tony Wood},
  title   = {Carbon price floor crucial to its aims},
  journal = {Australian Financial Review},
  date    = {2012-07-05},
}


@Article{Andrew-2012-theAge-Graduates-prove-a-hard-bunch-to-satisfy,
  author  = {Andrew Norton},
  title   = {Graduates prove a hard bunch to satisfy},
  journal = {The Age},
  date    = {2012-07-10},
}


@Article{Peter-2012-theAge-Danger-zone-planning-the-city-s-future-must-include-consultation-,
  author  = {Peter Mares},
  title   = {Danger zone: planning the city's future must include consultation },
  journal = {The Age},
  date    = {2012-07-14},
}


@Article{Tony-2012-AFR-Energy-plan-works-with-carbon-price,
  author  = {Tony Wood},
  title   = {Energy plan works with carbon price},
  journal = {Australian Financial Review},
  date    = {2012-07-16},
}


@Article{Tony-2012-BusinessSpectator-Auctioning-off-a-reduced-carbon-future,
  author  = {Tony Wood},
  title   = {Auctioning off a reduced carbon future},
  journal = {Business Spectator},
  date    = {2012-07-16},
}


@Article{Tony-2012-theConvo-Low-emission-s-missing-link-reverse-auctions-for-clean-power,
  author  = {Tony Wood},
  title   = {Low-emission's missing link: reverse auctions for clean power},
  journal = {The Conversation},
  date    = {2012-07-17},
}


@Article{Andrew-2012-theConvo-When-courses-are-free-online-what-s-left-for-universities-to-sell-,
  author  = {Andrew Norton},
  title   = {When courses are free online, what's left for universities to sell?},
  journal = {The Conversation},
  date    = {2012-07-20},
}


@Article{Andrew-2012-theConvo-University-subsidies-do-graduate-winners-need-another-prize-,
  author  = {Andrew Norton},
  title   = {University subsidies: do graduate winners need another prize?},
  journal = {The Conversation},
  date    = {2012-08-06},
}


@Article{Andrew-2012-theAge-Public-benefits-don-t-match-uni-subsidies,
  author  = {Andrew Norton},
  title   = {Public benefits don't match uni subsidies},
  journal = {The Age},
  date    = {2012-08-21},
}


@Article{Tony-2012-AFR-Going-global-risks-must-be-managed,
  author  = {Tony Wood},
  title   = {Going global: risks must be managed},
  journal = {Australian Financial Review},
  date    = {2012-08-30},
}


@Article{Tony-2012-theConvo-Carbon-price-is-about-low-cost-emissions-reduction-not-closing-power-plants,
  author  = {Tony Wood},
  title   = {Carbon price is about low-cost emissions reduction, not closing power plants},
  journal = {The Conversation},
  date    = {2012-09-07},
}


@Article{Jane-Frances-2012-theConvo-Tomorrow-s-suburbs-building-flexible-neighbourhoods,
  author  = {Jane-Frances Kelly and Peter Breadon},
  title   = {Tomorrow's suburbs: building flexible neighbourhoods},
  journal = {The Conversation},
  date    = {2012-09-11},
}


@Article{Tony-2012-AFR-RET-Policy-looks-like-assistance,
  author  = {Tony Wood},
  title   = {RET Policy looks like assistance},
  journal = {Australian Financial Review},
  date    = {2012-09-25},
}


@Article{Ben-2012-theOz-Sorry-but-we-do-need-more-money-to-improve-student-learning-,
  author  = {Ben Jensen},
  title   = {Sorry, but we do need more money to improve student learning },
  journal = {The Australian},
  date    = {2012-09-27},
}


@Article{Andrew-2012-AFR-Massive-open-online-and-niche,
  author  = {Andrew Norton},
  title   = {Massive, open, online \dots{} and niche},
  journal = {Australian Financial Review},
  date    = {2012-10-01},
}


@Article{Andrew-2012-theAge-MOOCs-offer-greater-options-as-our-quest-for-knowledge-evolves,
  author  = {Andrew Norton},
  title   = {MOOCs offer greater options as our quest for knowledge evolves},
  journal = {The Age},
  date    = {2012-10-02},
}


@Article{Tony-2012-ClimateSpectator-RET-an-efficient-solution-to-the-wrong-problem-,
  author  = {Tony Wood and Daniel Mullerworth},
  title   = {RET: an efficient solution to the wrong problem?},
  journal = {Climate Spectator},
  date    = {2012-10-08},
}


@Article{Andrew-2012-theOz-In-defence-of-the-Grattan-report,
  author  = {Andrew Norton},
  title   = {In defence of the Grattan report},
  journal = {The Australian},
  date    = {2012-10-10},
}


@Article{Andrew-2012-theAge-Women-surge-but-not-to-the-top-jobs,
  author  = {Andrew Norton},
  title   = {Women surge, but not to the top jobs},
  journal = {The Age},
  date    = {2012-11-06},
}


@Article{Tony-2012-Crikey-Nuclear-denied-Why-the-energy-white-paper-should-start-a-debate,
  author  = {Tony Wood},
  title   = {Nuclear denied? Why the energy white paper should start a debate},
  journal = {Crikey},
  date    = {2012-11-08},
}


@Article{Stephen-2012-theConvo-Medical-intern-crisis-won-t-be-solved-with-just-more-hospital-places,
  author  = {Stephen Duckett},
  title   = {Medical intern crisis won't be solved with just more hospital places},
  journal = {The Conversation},
  date    = {2012-11-13},
}


@Article{Ben-2012-theOz-We-have-much-to-learn-from-education-systems-in-Asia,
  author  = {Ben Jensen},
  title   = {We have much to learn from education systems in Asia},
  journal = {The Australian},
  date    = {2012-11-23},
}


@Article{Tony-2012-AFR-Fix-the-electricity-mess,
  author  = {Tony Wood},
  title   = {Fix the electricity mess},
  journal = {Australian Financial Review},
  date    = {2012-12-03},
}


@Article{Peter-2012-InsideStory-Can-we-afford-to-get-our-cities-back-on-the-rails-,
  author  = {Peter Mares},
  title   = {Can we afford to get our cities back on the rails?},
  journal = {Inside Story},
  date    = {2012-12-11},
}


@Article{Tony-2012-AFR-Carbon-pricing-remains-the-answer,
  author  = {Tony Wood},
  title   = {Carbon pricing remains the answer},
  journal = {Australian Financial Review},
  date    = {2012-12-12},
}


@Article{Jane-Frances-2012-AFR-Heart-of-the-city-remains-the-lure,
  author  = {Jane-Frances Kelly and Peter Mares},
  title   = {Heart of the city remains the lure},
  journal = {Australian Financial Review},
  date    = {2012-12-19},
}


@Article{Tony-2013-Crikey-Electricity-supply-are-we-in-for-summer-brownouts-,
  author  = {Tony Wood},
  title   = {Electricity supply: are we in for summer brownouts?},
  journal = {Crikey},
  date    = {2013-01-17},
}


@Article{Andrew-2013-Crikey-Why-your-arts-or-science-degree-may-have-been-a-waste-of-time,
  author  = {Andrew Norton},
  title   = {Why your arts or science degree may have been a waste of time},
  journal = {Crikey},
  date    = {2013-01-22},
}


@Article{Stephen-2013-theConvo-Blame-game-cutting-through-the-spin-on-Victoria-s-hospital-funding-cuts,
  author  = {Stephen Duckett},
  title   = {Blame game: cutting through the spin on Victoria's hospital funding cuts},
  journal = {The Conversation},
  date    = {2013-02-01},
}


@Article{John-2013-Charter-A-case-for-boosting-the-female-workforce,
  author  = {John Daley},
  title   = {A case for boosting the female workforce},
  journal = {Charter},
  date    = {2013-02-01},
}


@Article{Andrew-2013-theAge-Easy-university-entry-a-good-or-bad-thing-,
  author  = {Andrew Norton},
  title   = {Easy university entry a good or bad thing?},
  journal = {The Age},
  date    = {2013-02-11},
}


@Article{Stephen-2013-theConvo-Medi-muddle-hospital-funding-fight-is-resolved-but-the-blame-game-goes-on,
  author  = {Stephen Duckett},
  title   = {Medi-muddle: hospital funding fight is resolved but the blame game goes on},
  journal = {The Conversation},
  date    = {2013-02-26},
}


@Article{Peter-2013-VictorianCouncilofSocialService-The-challenge-of-building-the-housing-Melbourne-needs,
  author  = {Peter Mares},
  title   = {The challenge of building the housing Melbourne needs},
  journal = {Victorian Council of Social Service},
  date    = {2013-03-01},
}


@Article{Ben-2013-theOz-Gold-star-for-NSW-plan-to-improve-teaching,
  author  = {Ben Jensen},
  title   = {Gold star for NSW plan to improve teaching},
  journal = {The Australian},
  date    = {2013-03-13},
}


@Article{Stephen-2013-AFR-Time-to-address-sickening-waste-by-cutting-pharmaceutical-prices,
  author  = {Stephen Duckett},
  title   = {Time to address sickening waste by cutting pharmaceutical prices},
  journal = {Australian Financial Review},
  date    = {2013-03-18},
}


@Article{Stephen-2013-theConvo-Fixing-Australia-s-bad-drug-deal-could-save-1-3-billion-a-year,
  author  = {Stephen Duckett},
  title   = {Fixing Australia's bad drug deal could save $1.3 billion a year},
  journal = {The Conversation},
  date    = {2013-03-18},
}


@Article{Tony-2013-BusinessSpectator-Energy-plans-zapped-by-diving-demand,
  author  = {Tony Wood},
  title   = {Energy plans zapped by diving demand},
  journal = {Business Spectator},
  date    = {2013-03-19},
}


@Article{Andrew-2013-theConvo-Rules-and-regulation-could-strangle-online-learning,
  author  = {Andrew Norton},
  title   = {Rules and regulation could strangle online learning},
  journal = {The Conversation},
  date    = {2013-04-09},
}


@Article{Andrew-2013-theConvo-Should-universities-suffer-to-pay-for-school-funding-,
  author  = {Andrew Norton},
  title   = {Should universities suffer to pay for school funding?},
  journal = {The Conversation},
  date    = {2013-04-14},
}


@Article{Andrew-2013-Crikey-With-tighter-budgets-universities-must-change-course,
  author  = {Andrew Norton},
  title   = {With tighter budgets, universities must change course},
  journal = {Crikey},
  date    = {2013-04-15},
}


@Article{Jane-Frances-2013-SMH-Vision-splendid-for-Sydney-needs-community-input,
  author  = {Jane-Frances Kelly},
  title   = {Vision splendid for Sydney needs community input},
  journal = {Sydney Morning Herald},
  date    = {2013-04-17},
}


@Article{Tony-2013-AFR-Price-fixing-does-ETS-no-favour,
  author  = {Tony Wood},
  title   = {Price fixing does ETS no favour},
  journal = {Australian Financial Review},
  date    = {2013-04-18},
}


@Article{Tony-2013-ClimateSpectator-What-s-stopping-the-golden-age-of-gas-,
  author  = {Tony Wood},
  title   = {What's stopping the golden age of gas?},
  journal = {Climate Spectator},
  date    = {2013-04-19},
}


@Article{John-2013-theConvo-Australian-governments-face-a-decade-of-budget-deficits,
  author  = {John Daley},
  title   = {Australian governments face a decade of budget deficits},
  journal = {The Conversation},
  date    = {2013-04-21},
}


@Article{John-2013-theOz-In-the-long-term-somebody-has-to-pay-to-cut-budget-deficit,
  author  = {John Daley},
  title   = {In the long term, somebody has to pay to cut budget deficit},
  journal = {The Australian},
  date    = {2013-04-22},
}


@Article{Andrew-2013-AFR-Red-tape-stifling-innovation,
  author  = {Andrew Norton},
  title   = {Red tape stifling innovation},
  journal = {Australian Financial Review},
  date    = {2013-04-22},
}


@Article{Tony-2013-theConvo-Why-Australians-are-getting-a-raw-deal-on-electricity-prices,
  author  = {Tony Wood},
  title   = {Why Australians are getting a raw deal on electricity prices},
  journal = {The Conversation},
  date    = {2013-04-22},
}


@Article{Andrew-2013-theOz-Scholarship-change-flags-welfare-threat,
  author  = {Andrew Norton},
  title   = {Scholarship change flags welfare threat},
  journal = {The Australian},
  date    = {2013-04-24},
}


@Article{Stephen-2013-theConvo-Tough-choices-how-to-rein-in-Australia-s-rising-health-bill,
  author  = {Stephen Duckett and Cassie McGannon},
  title   = {Tough choices: how to rein in Australia's rising health bill},
  journal = {The Conversation},
  date    = {2013-04-24},
}


@Article{Andrew-2013-theConvo-High-stakes-in-higher-ed-Campus-evolution-more-likely-than-revolution,
  author  = {Andrew Norton},
  title   = {High stakes in higher ed? Campus evolution more likely than revolution},
  journal = {The Conversation},
  date    = {2013-04-24},
}


@Article{Lucy-2013-ClimateSpectator-Rooftop-solar-is-growing-up,
  author  = {Lucy Carter},
  title   = {Rooftop solar is growing up},
  journal = {Climate Spectator},
  date    = {2013-04-25},
}


@Article{John-2013-AFR-Budget-rhetoric-must-catch-up-with-hard-reality,
  author  = {John Daley},
  title   = {Budget rhetoric must catch up with hard reality},
  journal = {Australian Financial Review},
  date    = {2013-04-30},
}


@Article{Andrew-2013-Crikey-Fantasy-budget-Andrew-Norton-would-jack-up-uni-fees,
  author  = {Andrew Norton},
  title   = {Fantasy budget: Andrew Norton would jack up uni fees},
  journal = {Crikey},
  date    = {2013-05-10},
}


@Article{Stephen-2013-theConvo-A-rational-expansion-of-breast-cancer-screening,
  author  = {Stephen Duckett},
  title   = {A rational expansion of breast cancer screening},
  journal = {The Conversation},
  date    = {2013-05-14},
}


@Article{John-2013-theConvo-Surplus-hopes-pinned-on-heroic-assumptions,
  author  = {John Daley},
  title   = {Surplus hopes pinned on heroic assumptions},
  journal = {The Conversation},
  date    = {2013-05-15},
}


@Article{Andrew-2013-CampusReview-Higher-education-booming-online,
  author  = {Andrew Norton},
  title   = {Higher education booming online},
  journal = {Campus Review},
  date    = {2013-05-27},
}


@Article{Ben-2013-theOz-Data-s-just-for-starters,
  author  = {Ben Jensen},
  title   = {Data's just for starters},
  journal = {Weekend Australian},
  date    = {2013-06-01},
}


@Article{Tony-2013-AFR-Power-council-goes-to-water-and-consumers-suffer,
  author  = {Tony Wood},
  title   = {Power council goes to water and consumers suffer},
  journal = {Australian Financial Review},
  date    = {2013-06-03},
}


@Article{Tony-2013-AFR-Future-of-gas-industry-needs-a-fair-hand-at-the-pump,
  author  = {Tony Wood},
  title   = {Future of gas industry needs a fair hand at the pump},
  journal = {Australian Financial Review},
  date    = {2013-06-17},
}


@Article{Tony-2013-BusinessSpectator-Gaining-a-global-gas-advantage,
  author  = {Tony Wood},
  title   = {Gaining a global gas advantage},
  journal = {Business Spectator},
  date    = {2013-06-17},
}


@Article{Tony-2013-Crikey-The-golden-age-of-gas-not-in-Oz-yet,
  author  = {Tony Wood},
  title   = {The `golden age of gas' not in Oz yet},
  journal = {Crikey},
  date    = {2013-06-17},
}


@Article{Andrew-2013-theConvo-A-bubble-about-to-burst-why-we-don-t-need-more-maths-and-science-graduates,
  author  = {Andrew Norton},
  title   = {A bubble about to burst: why we don't need more maths and science graduates},
  journal = {The Conversation},
  date    = {2013-06-21},
}


@Article{Tony-2013-NewcastleHerald-Competitive-gas-caring-society-can-coexist,
  author  = {Tony Wood},
  title   = {Competitive gas, caring society can coexist},
  journal = {Newcastle Herald },
  date    = {2013-06-26},
}


@Article{Tony-2013-theConvo-Switching-carbon-from-fixed-price-to-ETS-should-Rudd-do-it-,
  author  = {Tony Wood},
  title   = {Switching carbon from fixed price to ETS: should Rudd do it?},
  journal = {The Conversation},
  date    = {2013-06-28},
}


@Article{Andrew-2013-theConvo-Should-higher-education-student-numbers-be-capped-,
  author  = {Andrew Norton},
  title   = {Should higher education student numbers be capped?},
  journal = {The Conversation},
  date    = {2013-07-02},
}


@Article{Stephen-2013-AFR-Next-step-in-health-reform,
  author  = {Stephen Duckett},
  title   = {Next step in health reform},
  journal = {Australian Financial Review},
  date    = {2013-07-03},
}


@Article{Lucy-2013-ClimateSpectator-Analysis-but-little-action-on-energy-reform,
  author  = {Lucy Carter},
  title   = {Analysis but little action on energy reform},
  journal = {Climate Spectator},
  date    = {2013-07-04},
}


@Article{Tony-2013-AFR-Carbon-capture-a-cure-no-one-wants,
  author  = {Tony Wood},
  title   = {Carbon capture a cure no-one wants},
  journal = {Australian Financial Review},
  date    = {2013-07-08},
}


@Article{Tony-2013-theConvo-Labor-the-Coalition-and-President-Obama-which-two-are-closer-on-climate-change-,
  author  = {Tony Wood and Mark Rolfe},
  title   = {Labor, the Coalition and President Obama: which two are closer on climate change?},
  journal = {The Conversation},
  date    = {2013-07-10},
}


@Article{Tony-2013-theConvo-Why-Rudd-must-reform-energy-markets,
  author  = {Tony Wood},
  title   = {Why Rudd must reform energy markets},
  journal = {The Conversation},
  date    = {2013-07-12},
}


@Article{Ben-2013-theOz-Why-markets-in-school-education-don-t-work,
  author  = {Ben Jensen },
  title   = {Why markets in school education don't work},
  journal = {Weekend Australian},
  date    = {2013-07-13},
}


@Article{Tony-2013-AFR-Early-ETS-a-political-win-but-figures-are-rubbery,
  author  = {Tony Wood},
  title   = {Early ETS a political win but figures are rubbery},
  journal = {Australian Financial Review},
  date    = {2013-07-17},
}


@Article{Andrew-2013-theConvo-Is-university-research-good-for-teaching-,
  author  = {Andrew Norton},
  title   = {Is university research good for teaching?},
  journal = {The Conversation},
  date    = {2013-07-21},
}


@Article{John-2013-theConvo-Can-there-be-a-free-market-in-carbon-,
  author  = {John Daley},
  title   = {Can there be a `free market' in carbon?},
  journal = {The Conversation},
  date    = {2013-07-22},
}


@Article{Stephen-2013-AFR-Parties-lack-vision-on-health-policy-as-election-looms,
  author  = {Stephen Duckett},
  title   = {Parties lack vision on health policy as election looms},
  journal = {Australian Financial Review},
  date    = {2013-07-22},
}


@Article{Jim-2013-AFR-Mining-bounty-spent-rather-than-saved,
  author  = {Jim Minifie},
  title   = {Mining bounty spent rather than saved},
  journal = {Australian Financial Review},
  date    = {2013-07-29},
}


@Article{Jim-2013-theConvo-How-we-learnt-to-stop-worrying-and-love-the-boom,
  author  = {Jim Minifie},
  title   = {How we learnt to stop worrying and love the boom},
  journal = {The Conversation},
  date    = {2013-07-29},
}


@Article{Stephen-2013-theConvo-FactCheck-are-international-medical-graduates-given-priority-over-Australian-doctors-,
  author  = {Stephen Duckett and Leah Ginnivan},
  title   = {FactCheck: are international medical graduates given priority over Australian doctors?},
  journal = {The Conversation},
  date    = {2013-07-30},
}


@Article{Stephen-2013-theConvo-Public-private-hospital-partnerships-are-risky-business,
  author  = {Stephen Duckett},
  title   = {Public-private hospital partnerships are risky business},
  journal = {The Conversation},
  date    = {2013-07-30},
}


@Article{Tony-2013-theConvo-California-calling-Australia-isn-t-alone-on-carbon-action,
  author  = {Tony Wood},
  title   = {California calling: Australia isn't alone on carbon action},
  journal = {The Conversation},
  date    = {2013-08-02},
}


@Article{John-2013-WeekendWest-Time-to-save-for-an-uncertain-future,
  author  = {John Daley},
  title   = {Time to save for an uncertain future},
  journal = {Weekend West},
  date    = {2013-08-03},
}


@Article{Andrew-2013-SMH-University-of-NSW-signs-up-MOOCs-are-here-to-sway,
  author  = {Andrew Norton},
  title   = {University of NSW signs up - MOOCs are here to sway},
  journal = {Sydney Morning Herald},
  date    = {2013-08-05},
}


@Article{Ben-2013-theOz-Federal-place-in-schools-needs-to-be-debated,
  author  = {Ben Jensen},
  title   = {Federal place in schools needs to be debated},
  journal = {The Australian},
  date    = {2013-08-09},
}


@Article{Andrew-2013-AFR-Universities-punished-by-300m-for-funding-system-s-success,
  author  = {Andrew Norton},
  title   = {Universities punished by $300m for funding system's success},
  journal = {Australian Financial Review},
  date    = {2013-08-12},
}


@Article{Stephen-2013-theOz-Health-sadly-off-the-radar,
  author  = {Stephen Duckett},
  title   = {Health sadly off the radar},
  journal = {The Australian},
  date    = {2013-08-13},
}


@Article{John-2013-theOz-PEFO-shows-need-for-unpopular-reform,
  author  = {John Daley},
  title   = {PEFO shows need for unpopular reform},
  journal = {The Australian},
  date    = {2013-08-14},
}


@Article{Stephen-2013-theConvo-Should-medical-intern-policy-just-be-about-numbers-of-places-,
  author  = {Stephen Duckett},
  title   = {Should medical intern policy just be about numbers of places?},
  journal = {The Conversation},
  date    = {2013-08-19},
}


@Article{Tony-2013-AFR-Energy-reform-should-be-priority-for-government,
  author  = {Tony Wood},
  title   = {Energy reform should be priority for government},
  journal = {Australian Financial Review},
  date    = {2013-08-26},
}


@Article{Stephen-2013-AFR-Health-policies-avoid-the-vital-issues,
  author  = {Stephen Duckett},
  title   = {Health policies avoid the vital issues},
  journal = {Australian Financial Review},
  date    = {2013-08-27},
}


@Article{Tony-2013-theConvo-FactCheck-the-Liberal-Party-s-Rudd-s-record-ad,
  author  = {Tony Wood},
  title   = {FactCheck: the Liberal Party's `Rudd's record' ad},
  journal = {The Conversation},
  date    = {2013-08-27},
}


@Article{Stephen-2013-theConvo-Health-debate-echoes-past-and-shows-no-vision-for-more-reform,
  author  = {Stephen Duckett},
  title   = {Health debate echoes past and shows no vision for more reform},
  journal = {The Conversation},
  date    = {2013-08-27},
}


@Article{Tony-2013-ClimateSpectator-UK-shows-way-to-reform-RET,
  author  = {Tony Wood and Daniel Mullerworth},
  title   = {UK shows way to reform RET},
  journal = {Climate Spectator},
  date    = {2013-08-30},
}


@Article{Stephen-2013-theConvo-Election-2013-results-what-s-in-store-for-health-,
  author  = {Stephen Duckett},
  title   = {Election 2013 results: what's in store for health?},
  journal = {The Conversation},
  date    = {2013-09-08},
}


@Article{Andrew-2013-theConvo-Election-2013-results-what-s-in-store-for-higher-education-,
  author  = {Andrew Norton},
  title   = {Election 2013 results: what's in store for higher education?},
  journal = {The Conversation},
  date    = {2013-09-08},
}


@Article{Stephen-2013-theConvo-Health-policy-bland-is-best-,
  author  = {Stephen Duckett},
  title   = {Health policy - bland is best?},
  journal = {The Conversation},
  date    = {2013-09-10},
}


@Article{Andrew-2013-theOz-Policy-stability-remains-high-on-reform-agenda,
  author  = {Andrew Norton},
  title   = {Policy stability remains high on reform agenda},
  journal = {The Australian},
  date    = {2013-09-18},
}


@Article{Jane-Frances-2013-theConvo-Stuck-in-traffic-how-to-get-our-cities-and-economy-moving,
  author  = {Jane-Frances Kelly and Paul Donegan},
  title   = {Stuck in traffic: how to get our cities and economy moving},
  journal = {The Conversation},
  date    = {2013-09-24},
}


@Article{Andrew-2013-theConvo-Pyne-s-higher-education-policy-rethink-should-keep-universities-doors-open,
  author  = {Andrew Norton},
  title   = {Pyne's higher education policy rethink should keep universities' doors open},
  journal = {The Conversation},
  date    = {2013-09-25},
}


@Article{Andrew-2013-Crikey-Pyne-s-pitch-for-uni-fees-abolishment-entrenched-in-Liberal-doctrine,
  author  = {Andrew Norton},
  title   = {Pyne's pitch for uni fees abolishment entrenched in Liberal doctrine},
  journal = {Crikey},
  date    = {2013-09-25},
}


@Article{Tony-2013-AFR-Cost-of-power-industry-s-disconnect-looms-large,
  author  = {Tony Wood},
  title   = {Cost of power industry's disconnect looms large},
  journal = {Australian Financial Review},
  date    = {2013-09-25},
}


@Article{Ben-2013-theOz-School-reform-don-t-stop-now,
  author  = {Ben Jensen},
  title   = {School reform: don't stop now},
  journal = {The Australian},
  date    = {2013-09-25},
}


@Article{Andrew-2013-SMH-Quality-fears-over-demand-driven-uni-funding-misplaced,
  author  = {Andrew Norton},
  title   = {Quality fears over demand-driven uni funding misplaced},
  journal = {Sydney Morning Herald},
  date    = {2013-09-26},
}


@Article{Tony-2013-theConvo-Is-New-South-Wales-really-facing-a-gas-crisis-,
  author  = {Tony Wood},
  title   = {Is New South Wales really facing a gas crisis?},
  journal = {The Conversation},
  date    = {2013-09-26},
}


@Article{Stephen-2013-theConvo-Waiting-for-action-on-access-to-GPs-in-rural-Australia,
  author  = {Stephen Duckett},
  title   = {Waiting for action on access to GPs in rural Australia},
  journal = {The Conversation},
  date    = {2013-09-29},
}


@Article{Peter-2013-Crikey-Access-all-areas-Time-for-a-new-solution-to-primary-care-access-for-rural-Australians,
  author  = {Peter Breadon},
  title   = {Access all areas: Time for a new solution to primary care access for rural Australians},
  journal = {Crikey},
  date    = {2013-09-30},
}


@Article{Lucy-2013-theWAOz-WA-industry-addicted-to-cheap-gas,
  author  = {Lucy Carter},
  title   = {WA industry addicted to cheap gas},
  journal = {West Australian},
  date    = {2013-10-01},
}


@Article{Ben-2013-theOz-Writing-on-the-wall-for-NAPLAN-nay-sayers-we-must-improve-literacy,
  author  = {Ben Jensen},
  title   = {Writing on the wall for NAPLAN nay-sayers: we must improve literacy},
  journal = {The Australian},
  date    = {2013-10-16},
}


@Article{Jane-Frances-2013-AFR-Growing-risk-that-homes-are-only-for-the-haves,
  author  = {Jane-Frances Kelly},
  title   = {Growing risk that homes are only for the haves},
  journal = {Australian Financial Review},
  date    = {2013-10-21},
}


@Article{Stephen-2013-theOz-Cheaper-PBS-drugs-could-save-us-billions,
  author  = {Stephen Duckett},
  title   = {Cheaper PBS drugs could save us billions},
  journal = {The Australian},
  date    = {2013-10-25},
}


@Article{Tony-2013-AFR-This-monster-should-never-be-allowed-a-new-life,
  author  = {Tony Wood},
  title   = {This monster should never be allowed a new life},
  journal = {Australian Financial Review},
  date    = {2013-10-30},
}


@Article{Andrew-2013-theConvo-Don-t-sell-off-HECS-reforming-student-loans-could-bring-in-real-savings,
  author  = {Andrew Norton},
  title   = {Don't sell off HECS: reforming student loans could bring in real savings},
  journal = {The Conversation},
  date    = {2013-10-30},
}


@Article{Andrew-2013-Drum-Student-debt-should-be-tweaked-not-sold,
  author  = {Andrew Norton},
  title   = {Student debt should be tweaked, not sold},
  journal = {The Drum},
  date    = {2013-11-04},
}


@Article{Jane-2013-PropertyObserver-Generous-investor-tax-breaks-contributing-to-unequal-housing-market,
  author  = {Jane Frances Kelly and Paul Donegan},
  title   = {Generous investor tax breaks contributing to unequal housing market},
  journal = {Property Observer},
  date    = {2013-11-06},
}


@Article{Jane-2013-theAge-Councils-opt-for-NIMBY-approach-on-growth,
  author  = {Jane Frances Kelly and Paul Donegan},
  title   = {Councils opt for NIMBY approach on growth},
  journal = {The Age},
  date    = {2013-11-07},
}


@Article{Tony-2013-theConvo-Axing-the-carbon-tax-saving-households-costing-climate,
  author  = {Tony Wood},
  title   = {Axing the carbon tax: saving households, costing climate},
  journal = {The Conversation},
  date    = {2013-11-13},
}


@Article{John-2013-Drum-No-easy-fixes-for-Australia-s-budget-emergency,
  author  = {John Daley},
  title   = {No easy fixes for Australia's budget emergency},
  journal = {The Drum},
  date    = {2013-11-25},
}


@Article{John-2013-theOz-Time-to-get-lean-on-the-budget,
  author  = {John Daley},
  title   = {Time to get lean on the budget},
  journal = {The Australian},
  date    = {2013-11-25},
}


@Article{John-2013-AFR-Treasurers-must-think-bigger-on-budget-reform,
  author  = {John Daley},
  title   = {Treasurers must think bigger on budget reform},
  journal = {Australian Financial Review},
  date    = {2013-11-27},
}


@Article{Stephen-2013-AFR-Atorvastatin-an-example-of-Australia-s-bad-drug-deal,
  author  = {Stephen Duckett},
  title   = {Atorvastatin an example of Australia's bad drug deal},
  journal = {Australian Financial Review},
  date    = {2013-12-02},
}


@Article{Stephen-2013-Drum-Our-big-pharma-waste,
  author  = {Stephen Duckett},
  title   = {Our big pharma waste},
  journal = {The Drum},
  date    = {2013-12-02},
}


@Article{Stephen-2013-theOz-Medicine-scheme-still-sick,
  author  = {Stephen Duckett},
  title   = {Medicine scheme still sick},
  journal = {The Australian},
  date    = {2013-12-06},
}


@Article{Ben-2013-theOz-Money-wars-hold-back-schools,
  author  = {Ben Jensen},
  title   = {Money wars hold back schools},
  journal = {The Australian},
  date    = {2013-12-11},
}


@Article{Tony-2013-BusinessSpectator-Australia-stares-down-an-electricity-death-spiral-,
  author  = {Tony Wood},
  title   = {Australia stares down an electricity `death spiral'},
  journal = {Business Spectator},
  date    = {2013-12-11},
}


@Article{Jim-2013-theConvo-The-float-Australia-had-to-have-,
  author  = {Jim Minifie},
  title   = {The float Australia had to have?},
  journal = {The Conversation},
  date    = {2013-12-12},
}


@Article{Jim-2013-theAge-Crisis-in-the-making,
  author  = {Jim Minifie},
  title   = {Crisis in the making},
  journal = {The Age},
  date    = {2013-12-15},
}


@Article{Andrew-2013-Crikey-A-federal-takeover-of-unis-A-greater-threat-to-academic-freedom,
  author  = {Andrew Norton},
  title   = {A federal takeover of unis? A greater threat to academic freedom},
  journal = {Crikey},
  date    = {2013-12-16},
}


@Article{James-2013-theConvo-Hockey-can-t-grow-us-out-of-trouble-lessons-in-budget-repair,
  author  = {James Savage and John Daley},
  title   = {Hockey can't grow us out of trouble: lessons in budget repair},
  journal = {The Conversation},
  date    = {2013-12-17},
}


@Article{Tony-2013-theOz-Tariff-reform-a-shock-we-need,
  author  = {Tony Wood},
  title   = {Tariff reform a shock we need},
  journal = {The Australian},
  date    = {2013-12-18},
}


@Article{Ben-2014-theOz-To-flourish-teachers-need-strong-leaders,
  author  = {Ben Jensen},
  title   = {To flourish, teachers need strong leaders},
  journal = {The Australian},
  date    = {2014-01-01},
}


@Article{Stephen-2014-AFR-Health-reform-tougher-than-6-ticket-for-GP,
  author  = {Stephen Duckett},
  title   = {Health reform tougher than $6 ticket for GP},
  journal = {Australian Financial Review},
  date    = {2014-01-07},
}


@Article{Stephen-2014-theOz-Price-setting-drives-hospital-efficiency,
  author  = {Stephen Duckett},
  title   = {Price-setting drives hospital efficiency},
  journal = {The Australian},
  date    = {2014-01-08},
}


@Article{Tony-2014-AFR-The-end-of-the-gold-plated-electricity-network,
  author  = {Tony Wood},
  title   = {The end of the gold-plated electricity network},
  journal = {Australian Financial Review},
  date    = {2014-01-09},
}


@Article{Cassie-2014-AFR-The-40bn-question-where-will-the-money-come-from-,
  author  = {Cassie McGannon},
  title   = {The $40bn question: where will the money come from?},
  journal = {Australian Financial Review},
  date    = {2014-01-16},
}


@Article{Cassie-2014-theConvo-Age-Pension-reform-needed-for-a-fair-sustainable-welfare-system,
  author  = {Cassie McGannon},
  title   = {Age Pension reform needed for a fair, sustainable welfare system},
  journal = {The Conversation},
  date    = {2014-01-29},
}


@Article{Stephen-2014-AFR-Happy-birthday-Medicare-Now-how-can-we-make-you-better-,
  author  = {Stephen Duckett},
  title   = {Happy birthday, Medicare. Now, how can we make you better?},
  journal = {Australian Financial Review},
  date    = {2014-01-31},
}


@Article{Stephen-2014-theConvo-Mr-Abbott-make-2014-a-year-of-health-reform-not-regression,
  author  = {Stephen Duckett},
  title   = {Mr Abbott, make 2014 a year of health reform, not regression},
  journal = {The Conversation},
  date    = {2014-02-17},
}


@Article{Stephen-2014-MedicalJournalofAustralia-Priorities-for-a-new-government-keeping-the-Medicare-promise-thinking-beyond-services-and-getting-governance-right,
  author  = {Stephen Duckett},
  title   = {Priorities for a new government: keeping the Medicare promise, thinking beyond services and getting governance right},
  journal = {Medical Journal of Australia},
  date    = {2014-02-17},
}


@Article{Tony-2014-theConvo-Australian-aluminium-outgunned-by-cheap-coal-free-global-rivals,
  author  = {Tony Wood},
  title   = {Australian aluminium outgunned by cheap,coal-free global rivals},
  journal = {The Conversation},
  date    = {2014-02-18},
}


@Article{Stephen-2014-theConvo-Making-the-rich-pay-more-isn-t-the-answer-to-a-better-Medicare,
  author  = {Stephen Duckett},
  title   = {Making the rich pay more isn't the answer to a better Medicare},
  journal = {The Conversation},
  date    = {2014-02-21},
}


@Article{Ben-2014-theOz-Five-steps-for-school-turnaround,
  author  = {Ben Jensen},
  title   = {Five steps for school turnaround},
  journal = {Weekend Australian},
  date    = {2014-02-22},
}


@Article{Peter-2014-theConvo-Should-pharmacists-get-50-to-give-you-a-health-check-,
  author  = {Peter Breadon},
  title   = {Should pharmacists get $50 to give you a health check?},
  journal = {The Conversation},
  date    = {2014-02-25},
}


@Article{Tony-2014-AFR-Adapting-to-energy-change,
  author  = {Tony Wood},
  title   = {Adapting to energy change},
  journal = {Australian Financial Review},
  date    = {2014-03-04},
}


@Article{Stephen-2014-theOz-Activity-based-hospital-funding-healthy-way-to-go,
  author  = {Stephen Duckett},
  title   = {Activity-based hospital funding healthy way to go},
  journal = {The Australian},
  date    = {2014-03-05},
}


@Article{Stephen-2014-theConvo-Public-hospital-efficiency-gains-could-save-1-billion-a-year,
  author  = {Stephen Duckett},
  title   = {Public hospital efficiency gains could save $1 billion a year},
  journal = {The Conversation},
  date    = {2014-03-05},
}


@Article{Peter-2014-SMH-Better-hospital-management-needed-to-improve-patient-care,
  author  = {Peter Breadon},
  title   = {Better hospital management needed to improve patient care},
  journal = {Sydney Morning Herald},
  date    = {2014-03-05},
}


@Article{Jim-2014-theConvo-Four-ways-to-boost-Australian-innovation,
  author  = {Jim Minifie},
  title   = {Four ways to boost Australian innovation},
  journal = {The Conversation},
  date    = {2014-03-21},
}


@Article{Stephen-2014-Drum-Medibank-sale-doomsayers-are-off-the-mark,
  author  = {Stephen Duckett},
  title   = {Medibank sale doomsayers are off the mark},
  journal = {The Drum},
  date    = {2014-04-02},
}


@Article{Andrew-2014-AFR-Changing-HELP-rules-could-offset-university-cutbacks,
  author  = {Andrew Norton},
  title   = {Changing HELP rules could offset university cutbacks},
  journal = {Australian Financial Review},
  date    = {2014-04-07},
}


@Article{Andrew-2014-theConvo-Student-debt-costs-are-an-obstacle-to-new-student-loans,
  author  = {Andrew Norton},
  title   = {Student debt costs are an obstacle to new student loans},
  journal = {The Conversation},
  date    = {2014-04-07},
}


@Article{Stephen-2014-theConvo-Rationing-care-vs-increasing-taxes-the-health-system-sustainability-myth,
  author  = {Stephen Duckett},
  title   = {Rationing care vs increasing taxes -- the health system sustainability myth},
  journal = {The Conversation},
  date    = {2014-04-08},
}


@Article{Andrew-2014-AFR-Extend-demand-driven-system-to-private-colleges,
  author  = {Andrew Norton and David Kemp},
  title   = {Extend demand-driven system to private colleges},
  journal = {Australian Financial Review},
  date    = {2014-04-14},
}


@Article{Peter-2014-theConvo-Hospital-workforce-reform-better-jobs-and-more-care,
  author  = {Peter Breadon},
  title   = {Hospital workforce reform: better jobs and more care},
  journal = {The Conversation},
  date    = {2014-04-14},
}


@Article{Stephen-2014-AFR-Time-to-revolutionise-our-hospital-workforces,
  author  = {Stephen Duckett},
  title   = {Time to revolutionise our hospital workforces},
  journal = {Australian Financial Review},
  date    = {2014-04-15},
}


@Article{Andrew-2014-theOz-No-ducking-the-issue-let-s-talk-fees,
  author  = {Andrew Norton and David Kemp},
  title   = {No ducking the issue, let's talk fees},
  journal = {The Australian},
  date    = {2014-04-16},
}


@Article{John-2014-Drum-Wealth-inequality-is-back-with-a-vengeance,
  author  = {John Daley},
  title   = {Wealth inequality is back with a vengeance},
  journal = {The Drum},
  date    = {2014-04-22},
}


@Article{Stephen-2014-theConvo-Save-now-spend-later-why-co-payments-for-GP-visits-are-a-bad-idea,
  author  = {Stephen Duckett},
  title   = {Save now, spend later: why co-payments for GP visits are a bad idea},
  journal = {The Conversation},
  date    = {2014-04-23},
}


@Article{Andrew-2014-theConvo-Enough-muddling-through-higher-education-needs-a-shake-up,
  author  = {Andrew Norton},
  title   = {Enough muddling through: higher education needs a shake-up},
  journal = {The Conversation},
  date    = {2014-04-23},
}


@Article{Jim-2014-theOz-How-to-halve-our-super-fees,
  author  = {Jim Minifie},
  title   = {How to halve our super fees},
  journal = {The Australian},
  date    = {2014-04-28},
}


@Article{Tony-2014-AFR-Climate-white-paper-creates-only-uncertainty,
  author  = {Tony Wood},
  title   = {Climate white paper creates only uncertainty},
  journal = {Australian Financial Review},
  date    = {2014-04-29},
}


@Article{Stephen-2014-RetailPharmacy-Health-industry-reform-and-the-role-of-pharmacists-within-it,
  author  = {Stephen Duckett},
  title   = {Health industry reform and the role of pharmacists within it},
  journal = {Retail Pharmacy},
  date    = {2014-05-01},
}


@Article{Andrew-2014-TimesHigherEducation-Australia-s-demand-driven-reforms-need-extending,
  author  = {Andrew Norton and David Kemp},
  title   = {Australia's demand-driven reforms need extending},
  journal = {Times Higher Education},
  date    = {2014-05-01},
}


@Article{John-2014-theConvo-Commission-of-Audit-fails-to-consider-costs-and-benefits,
  author  = {John Daley and Cassie McGannon},
  title   = {Commission of Audit fails to consider costs and benefits},
  journal = {The Conversation},
  date    = {2014-05-02},
}


@Article{Stephen-2014-theConvo-GP-co-payments-a-triple-fail-for-the-Commission-of-Audit,
  author  = {Stephen Duckett},
  title   = {GP co-payments: a triple fail for the Commission of Audit},
  journal = {The Conversation},
  date    = {2014-05-02},
}


@Article{John-2014-AFR-Spending-more-on-infrastructure-is-no-solution,
  author  = {John Daley},
  title   = {Spending more on infrastructure is no solution},
  journal = {Australian Financial Review},
  date    = {2014-05-05},
}


@Article{John-2014-Drum-Our-bloated-budget-needs-to-hit-the-treadmill,
  author  = {John Daley},
  title   = {Our bloated budget needs to hit the treadmill},
  journal = {The Drum},
  date    = {2014-05-08},
}


@Article{Andrew-2014-SMH-Christopher-Pyne-s-higher-education-reforms-to-benefit-more-students,
  author  = {Andrew Norton},
  title   = {Christopher Pyne's higher education reforms to benefit more students},
  journal = {Sydney Morning Herald},
  date    = {2014-05-08},
}


@Article{John-2014-theConvo-Changes-help-the-budget-but-not-the-economy,
  author  = {John Daley and Cassie McGannon},
  title   = {Changes help the budget but not the economy},
  journal = {The Conversation},
  date    = {2014-05-14},
}


@Article{Stephen-2014-theConvo-Budget-takes-hospital-funding-arrangement-back-to-the-future,
  author  = {Stephen Duckett},
  title   = {Budget takes hospital funding arrangement back to the future},
  journal = {The Conversation},
  date    = {2014-05-16},
}


@Article{Andrew-2014-AFR-University-fee-changes-a-good-start-but-more-research-required,
  author  = {Andrew Norton},
  title   = {University fee changes a good start but more research required},
  journal = {Australian Financial Review},
  date    = {2014-05-19},
}


@Article{Stephen-2014-AFR-Health-system-will-return-to-blame-shifting,
  author  = {Stephen Duckett},
  title   = {Health system will return to blame shifting},
  journal = {Australian Financial Review},
  date    = {2014-05-21},
}


@Article{John-2014-AFR-Time-to-close-the-largest-hole-in-the-tax-system,
  author  = {John Daley},
  title   = {Time to close the largest hole in the tax system},
  journal = {Australian Financial Review},
  date    = {2014-05-26},
}


@Article{Andrew-2014-theOz-Big-changes-but-no-need-to-panic,
  author  = {Andrew Norton},
  title   = {Big changes, but no need to panic},
  journal = {Weekend Australian},
  date    = {2014-05-31},
}


@Article{Andrew-2014-theConvo-Fees-and-higher-education-does-social-class-make-a-difference-,
  author  = {Andrew Norton},
  title   = {Fees and higher education: does social class make a difference?},
  journal = {The Conversation},
  date    = {2014-06-05},
}


@Article{Stephen-2014-theConvo-Federal-state-health-relations-can-anything-be-salvaged-,
  author  = {Stephen Duckett},
  title   = {Federal-state health relations: can anything be salvaged?},
  journal = {The Conversation},
  date    = {2014-06-06},
}


@Article{Jim-2014-theConvo-Small-business-is-missing-the-mobile-social-cloud-revolution,
  author  = {Jim Minifie},
  title   = {Small business is missing the mobile, social, cloud revolution},
  journal = {The Conversation},
  date    = {2014-06-11},
}


@Article{Stephen-2014-theConvo-Did-the-health-reform-process-fail-Now-we-ll-never-know,
  author  = {Stephen Duckett},
  title   = {Did the health reform process fail? Now we'll never know},
  journal = {The Conversation},
  date    = {2014-06-12},
}


@Article{Tony-2014-AFR-Premiers-face-hard-task-selling-electricity-assets,
  author  = {Tony Wood},
  title   = {Premiers face hard task selling electricity assets},
  journal = {Australian Financial Review},
  date    = {2014-06-23},
}


@Article{Stephen-2014-theConvo-Australia-s-Health-2014-report-card-experts-respond,
  author  = {Stephen Duckett},
  title   = {Australia's Health 2014 report card: experts respond},
  journal = {The Conversation},
  date    = {2014-06-25},
}


@Article{Tony-2014-AFR-We-are-paying-a-great-deal-to-use-electricity-badly,
  author  = {Tony Wood},
  title   = {We are paying a great deal to use electricity badly},
  journal = {Australian Financial Review},
  date    = {2014-07-08},
}


@Article{Tony-2014-theConvo-Renewables-are-not-the-only-green-energy-Australia-needs,
  author  = {Tony Wood},
  title   = {Renewables are not the only green energy Australia needs},
  journal = {The Conversation},
  date    = {2014-07-11},
}


@Article{Jim-2014-AFR-Cutting-super-costs-would-be-good-economic-reform,
  author  = {Jim Minifie},
  title   = {Cutting super costs would be good economic reform},
  journal = {Australian Financial Review},
  date    = {2014-07-23},
}


@Article{Stephen-2014-theConvo-Higher-health-co-payments-will-hit-the-most-vulnerable,
  author  = {Stephen Duckett},
  title   = {Higher health co-payments will hit the most vulnerable},
  journal = {The Conversation},
  date    = {2014-07-29},
}


@Article{Stephen-2014-AFR-Short-term-fix-won-t-solve-long-term-healthcare-funding-problem,
  author  = {Stephen Duckett},
  title   = {Short-term fix won't solve long-term healthcare funding problem},
  journal = {Australian Financial Review},
  date    = {2014-07-30},
}


@Article{Stephen-2014-Drum-Can-the-Coalition-s-copayment-policy-be-repaired-,
  author  = {Stephen Duckett},
  title   = {Can the Coalition's copayment policy be repaired?},
  journal = {The Drum},
  date    = {2014-08-14},
}


@Article{Stephen-2014-theConvo-Forget-the-co-payment-Seven-tips-for-an-affordable-quality-health-system,
  author  = {Stephen Duckett},
  title   = {Forget the co-payment\dots{} Seven tips for an affordable, quality health system},
  journal = {The Conversation},
  date    = {2014-08-19},
}


@Article{Tony-2014-AFR-What-lessons-do-we-take-from-the-mistakes-of-RET-,
  author  = {Tony Wood},
  title   = {What lessons do we take from the mistakes of RET?},
  journal = {Australian Financial Review},
  date    = {2014-08-28},
}


@Article{Stephen-2014-theConvo-Australian-health-care-where-do-we-stand-internationally-,
  author  = {Stephen Duckett},
  title   = {Australian health care: where do we stand internationally?},
  journal = {The Conversation},
  date    = {2014-09-01},
}


@Article{Jim-2014-Drum-It-s-a-super-plan-now-but-what-about-long-term-,
  author  = {Jim Minifie},
  title   = {It's a super plan now, but what about long-term?},
  journal = {The Drum},
  date    = {2014-09-03},
}


@Article{Stephen-2014-theConvo-What-can-we-learn-from-other-countries-health-systems-,
  author  = {Stephen Duckett},
  title   = {What can we learn from other countries' health systems?},
  journal = {The Conversation},
  date    = {2014-09-05},
}


@Article{Tony-2014-AFR-Green-paper-leaves-energy-investment-in-the-air,
  author  = {Tony Wood},
  title   = {Green paper leaves energy investment in the air},
  journal = {Australian Financial Review},
  date    = {2014-09-24},
}


@Article{Tony-2014-theConvo-Energy-green-paper-scores-pass-on-electricity-fail-on-climate,
  author  = {Tony Wood},
  title   = {Energy green paper scores `pass' on electricity, `fail' on climate},
  journal = {The Conversation},
  date    = {2014-09-25},
}


@Article{Hal-2014-theConvo-A-good-death-Australians-need-support-to-die-at-home,
  author  = {Hal Swerissen and Stephen Duckett},
  title   = {A good death: Australians need support to die at home},
  journal = {The Conversation},
  date    = {2014-09-29},
}


@Article{John-2014-Guardian-Australia-gets-the-third-best-policy-on-infrastructure-Here-s-why,
  author  = {John Daley},
  title   = {Australia gets the third-best policy on infrastructure. Here's why},
  journal = {The Guardian},
  date    = {2014-09-30},
}


@Article{John-2014-AFR-Doing-nothing-cuts-deficit-to-12b,
  author  = {John Daley},
  title   = {Doing nothing cuts deficit to $12b},
  journal = {Australian Financial Review},
  date    = {2014-10-06},
}


@Article{Andrew-2014-AFR-Value-for-money-the-aim-in-new-uni-market,
  author  = {Andrew Norton},
  title   = {Value for money the aim in new uni market},
  journal = {Australian Financial Review},
  date    = {2014-10-13},
}


@Article{Jim-2014-theConvo-Competitiveness-agenda-lays-path-for-industry-led-innovation-experts-react,
  author  = {Jim Minifie},
  title   = {Competitiveness agenda lays path for industry-led innovation: experts react},
  journal = {The Conversation},
  date    = {2014-10-14},
}


@Article{Tony-2014-AFR-A-free-gas-market-is-a-responsive-gas-market,
  author  = {Tony Wood},
  title   = {A free gas market is a responsive gas market},
  journal = {Australian Financial Review},
  date    = {2014-10-20},
}


@Article{David-2014-theConvo-Pain-and-gain-as-gas-export-boom-is-set-to-drive-up-domestic-bills,
  author  = {David Blowers},
  title   = {Pain and gain as gas export boom is set to drive up domestic bills},
  journal = {The Conversation},
  date    = {2014-10-20},
}


@Article{Andrew-2014-theOz-Labor-Greens-blind-to-inequities-of-current-higher-education-system,
  author  = {Andrew Norton},
  title   = {Labor, Greens blind to inequities of current higher education system},
  journal = {The Australian},
  date    = {2014-10-22},
}


@Article{Andrew-2014-Drum-Political-stalemate-leaves-higher-education-exposed,
  author  = {Andrew Norton},
  title   = {Political stalemate leaves higher education exposed},
  journal = {The Drum},
  date    = {2014-10-29},
}


@Article{Tony-2014-AFR-Hunt-must-show-his-deal-is-highway-to-the-future-not-a-side-alley,
  author  = {Tony Wood},
  title   = {Hunt must show his deal is highway to the future, not a side alley},
  journal = {Australian Financial Review},
  date    = {2014-10-30},
}


@Article{Tony-2014-UtilityMagazine-Regulated-natural-monopolies-can-electricity-and-gas-networks-reinvent-themselves-,
  author  = {Tony Wood},
  title   = {Regulated natural monopolies: can electricity and gas networks reinvent themselves?},
  journal = {Utility Magazine},
  date    = {2014-11-15},
}


@Article{Tony-2014-AFR-There-are-big-bets-being-placed-each-way-on-the-future-of-coal,
  author  = {Tony Wood},
  title   = {There are big bets being placed each way on the future of coal},
  journal = {Australian Financial Review},
  date    = {2014-11-21},
}


@Article{Stephen-2014-theConvo-Victoria-votes-more-hospital-beds-doesn-t-equal-better-health,
  author  = {Stephen Duckett},
  title   = {Victoria votes: more hospital beds doesn't equal better health},
  journal = {The Conversation},
  date    = {2014-11-27},
}


@Article{Andrew-2014-theOz-Higher-education-reforms-still-needed,
  author  = {Andrew Norton},
  title   = {Higher education reforms still needed},
  journal = {The Australian},
  date    = {2014-12-03},
}


@Article{Tony-2014-AFR-The-big-fight-over-power-prices-is-under-way,
  author  = {Tony Wood},
  title   = {The big fight over power prices is under way},
  journal = {Australian Financial Review},
  date    = {2014-12-03},
}


@Article{Jim-2014-AFR-Retirement-incomes-will-soar-but-only-if-government-acts,
  author  = {Jim Minifie},
  title   = {Retirement incomes will soar, but only if government acts},
  journal = {Australian Financial Review},
  date    = {2014-12-08},
}


@Article{John-2014-theConvo-Young-Australians-set-to-pay-for-government-policy-mistakes,
  author  = {John Daley and Danielle Wood},
  title   = {Young Australians set to pay for government policy mistakes},
  journal = {The Conversation},
  date    = {2014-12-09},
}


@Article{John-2014-theOz-Big-spending-will-leave-the-young-poorer,
  author  = {John Daley},
  title   = {Big spending will leave the young poorer},
  journal = {The Australian},
  date    = {2014-12-10},
}


@Article{Stephen-2014-theConvo-GP-co-payment-2-0-a-triple-whammy-for-patients,
  author  = {Stephen Duckett and Peter Breadon},
  title   = {GP co-payment 2.0: a triple whammy for patients},
  journal = {The Conversation},
  date    = {2014-12-11},
}


@Article{Stephen-2014-AFR-New-measures-save-billions-on-costs-by-making-GP-patients-pay,
  author  = {Stephen Duckett and Peter Breadon},
  title   = {New measures save billions on costs by making GP patients pay},
  journal = {Australian Financial Review},
  date    = {2014-12-15},
}


@Article{Stephen-2014-theConvo-Good-news-for-rural-health-physician-assistants-join-the-workforce,
  author  = {Stephen Duckett},
  title   = {Good news for rural health: physician assistants join the workforce},
  journal = {The Conversation},
  date    = {2014-12-17},
}


@Article{Stephen-2015-theOz-Redirect-the-subsidy-to-cure-insurance-headache,
  author  = {Stephen Duckett},
  title   = {Redirect the subsidy to cure insurance headache},
  journal = {The Australian},
  date    = {2015-01-07},
}


@Article{Cameron-2015-theConvo-Ditching-gas-heating-and-cooking-could-save-you-hundreds-of-dollars,
  author  = {Cameron Chisholm},
  title   = {Ditching gas heating and cooking could save you hundreds of dollars},
  journal = {The Conversation},
  date    = {2015-01-19},
}


@Article{Danielle-2015-theConvo-Selling-a-GST-rise-will-be-easier-if-we-can-follow-the-money,
  author  = {Danielle Wood},
  title   = {Selling a GST rise will be easier if we can follow the money},
  journal = {The Conversation},
  date    = {2015-01-21},
}


@Article{Andrew-2015-theConvo-The-ATAR-debate-students-need-to-be-able-to-finish-uni-not-just-start-it,
  author  = {Andrew Norton},
  title   = {The ATAR debate: students need to be able to finish uni, not just start it},
  journal = {The Conversation},
  date    = {2015-01-21},
}


@Article{Andrew-2015-Drum-Education-package-needs-to-be-changed-to-succeed,
  author  = {Andrew Norton},
  title   = {Education package needs to be changed to succeed},
  journal = {The Drum},
  date    = {2015-01-21},
}


@Article{Tony-2015-AFR-Electricity-sales-can-power-renaissance-for-the-states,
  author  = {Tony Wood and Danielle Wood},
  title   = {Electricity sales can power renaissance for the states},
  journal = {Australian Financial Review},
  date    = {2015-01-22},
}


@Article{Stephen-2015-theConvo-We-need-Medicare-reform-butco-payment-3-0-is-the-wrong-place-to-start,
  author  = {Stephen Duckett},
  title   = {We need Medicare reform, butco-payment 3.0 is the wrong place to start},
  journal = {The Conversation},
  date    = {2015-01-22},
}


@Article{Peter-2015-SMH-Achievement-matters-but-what-about-tracking-learning-progress-,
  author  = {Peter Goss and Jordana Hunter},
  title   = {Achievement matters but what about tracking learning progress?},
  journal = {Sydney Morning Herald},
  date    = {2015-01-27},
}


@Article{Stephen-2015-theConvo--5-Medicare-rebate-cut-could-cost-patients-up-to-40-more,
  author  = {Stephen Duckett},
  title   = {$5 Medicare rebate cut could cost patients up to $40 more},
  journal = {The Conversation},
  date    = {2015-02-04},
}


@Article{John-2015-AFR-Australia-should-recover-pension-payments-from-estates,
  author  = {John Daley},
  title   = {Australia should recover pension payments from estates},
  journal = {Australian Financial Review},
  date    = {2015-02-18},
}


@Article{Jane-Frances-2015-theAge-Across-the-great-divide-a-tale-of-two-Melbournes,
  author  = {Jane-Frances Kelly and Paul Donegan},
  title   = {Across the great divide - a tale of two Melbournes},
  journal = {The Age},
  date    = {2015-03-02},
}


@Article{Jane-Frances-2015-theConvo-Sydney-s-stuck-in-traffic-putting-the-brakes-on-women-and-the-west,
  author  = {Jane-Frances Kelly and Paul Donegan},
  title   = {Sydney's stuck in traffic, putting the brakes on women and the west},
  journal = {The Conversation},
  date    = {2015-03-02},
}


@Article{Jane-Frances-2015-SMH-A-tale-of-two-Sydneys-defined-by-those-with-jobs-and-those-without,
  author  = {Jane-Frances Kelly and Paul Donegan},
  title   = {A tale of two Sydneys: defined by those with jobs and those without},
  journal = {Sydney Morning Herald},
  date    = {2015-03-02},
}


@Article{John-2015-AFR-IGR-will-show-how-we-are-robbing-the-young-to-pay-the-old,
  author  = {John Daley and Danielle Wood},
  title   = {IGR will show how we are robbing the young to pay the old},
  journal = {Australian Financial Review},
  date    = {2015-03-03},
}


@Article{John-2015-theConvo-Intergenerational-Report-Joe-Hockey-and-the-deathly-budget-hallows,
  author  = {John Daley},
  title   = {Intergenerational Report: Joe Hockey and the deathly budget hallows},
  journal = {The Conversation},
  date    = {2015-03-05},
}


@Article{Andrew-2015-theConvo-Demand-driven-higher-ed-reform-possible-without-fee-deregulation,
  author  = {Andrew Norton},
  title   = {Demand-driven higher ed reform possible without fee deregulation},
  journal = {The Conversation},
  date    = {2015-03-05},
}


@Article{Stephen-2015-Drum-We-still-have-a-GP-co-payment-by-stealth,
  author  = {Stephen Duckett},
  title   = {We still have a GP co-payment by stealth},
  journal = {The Drum},
  date    = {2015-03-05},
}


@Article{Tony-2015-theConvo-NSW-power-privatisation-Stop-the-Sell-Off-claims-put-to-the-test,
  author  = {Tony Wood},
  title   = {NSW power privatisation: Stop the Sell Off claims put to the test},
  journal = {The Conversation},
  date    = {2015-03-10},
}


@Article{Stephen-2015-theConvo-Federal-health-spending-is-forecast-to-slow-but-states-face-rising-bills,
  author  = {Stephen Duckett},
  title   = {Federal health spending is forecast to slow, but states face rising bills},
  journal = {The Conversation},
  date    = {2015-03-11},
}


@Article{John-2015-HeraldSun-Heads-in-the-sand-on-real-cost-of-Next-Generation,
  author  = {John Daley},
  title   = {Heads in the sand on real cost of Next Generation},
  journal = {Herald Sun},
  date    = {2015-03-12},
}


@Article{John-2015-Guardian-Inner-city-v-outer-suburbs-where-you-live-really-does-determine-what-you-get,
  author  = {John Daley},
  title   = {Inner city v outer suburbs: where you live really does determine what you get},
  journal = {The Guardian},
  date    = {2015-03-16},
}


@Article{Andrew-2015-Drum-Focus-should-now-be-uni-funding-certainty,
  author  = {Andrew Norton},
  title   = {Focus should now be uni funding certainty},
  journal = {The Drum},
  date    = {2015-03-17},
}


@Article{John-2015-SMH-Negative-gearing-the-economic-reasons-why-government-must-kill-this-sacred-cow,
  author  = {John Daley and Danielle Wood},
  title   = {Negative gearing: the economic reasons why government must kill this sacred cow},
  journal = {Sydney Morning Herald},
  date    = {2015-03-17},
}


@Article{Andrew-2015-theConvo-Defeat-of-higher-ed-bill-should-ease-budget-pressures,
  author  = {Andrew Norton},
  title   = {Defeat of higher ed bill should ease budget pressures},
  journal = {The Conversation},
  date    = {2015-03-18},
}


@Article{Stephen-2015-theConvo-Time-for-policy-rethink-as-frequent-GP-attenders-account-for-41-of-costs,
  author  = {Stephen Duckett},
  title   = {Time for policy rethink as frequent GP attenders account for 41% of costs},
  journal = {The Conversation},
  date    = {2015-03-19},
}


@Article{David-2015-theAge-Electricity-charges-for-some-Victorian-households-up-to-800-more-than-they-need-to-be,
  author  = {David Blowers and Cameron Chisholm},
  title   = {Electricity charges for some Victorian households up to $800 more than they need to be},
  journal = {The Age},
  date    = {2015-03-23},
}


@Article{Tony-2015-Drum-Ignore-the-scare-campaign-about-privatisation,
  author  = {Tony Wood},
  title   = {Ignore the scare campaign about privatisation},
  journal = {The Drum},
  date    = {2015-03-23},
}


@Article{Stephen-2015-QueenslandGovernment:BoardCommunique-Take-the-initiative-to-link-hospital-and-primary-care,
  author  = {Stephen Duckett},
  title   = {Take the initiative to link hospital and primary care},
  journal = {Queensland Government: Board Communique},
  date    = {2015-03-30},
}


@Article{Danielle-2015-theConvo-Government-writing-reform-cheques-it-s-unlikely-to-cash,
  author  = {Danielle Wood},
  title   = {Government writing reform cheques it's unlikely to cash},
  journal = {The Conversation},
  date    = {2015-04-02},
}


@Article{Peter-2015-theConvo-My-School-website-won-t-lift-outcomes-for-all-schools,
  author  = {Peter Goss and Jordana Hunter},
  title   = {My School website won't lift outcomes for all schools},
  journal = {The Conversation},
  date    = {2015-04-10},
}


@Article{Ittima-2015-APPSPolicyForum-Tackling-doubtful-debt-How-to-keep-the-student-loan-scheme-viable,
  author  = {Ittima Cherastidtham},
  title   = {Tackling doubtful debt: How to keep the student loan scheme viable},
  journal = {APPS Policy Forum},
  date    = {2015-04-15},
}


@Article{Jim-2015-AFR-Superannuation-tender-process-would-help-savers,
  author  = {Jim Minifie},
  title   = {Superannuation tender process would help savers},
  journal = {Australian Financial Review},
  date    = {2015-04-19},
}


@Article{John-2015-AFR-Labor-s-superannuation-tax-policy-needs-more-bite,
  author  = {John Daley},
  title   = {Labor's superannuation tax policy needs more bite},
  journal = {Australian Financial Review},
  date    = {2015-04-22},
}


@Article{Stephen-2015-HealthVoices--JournaloftheConsumersHealthForumofAustralia-Consumer-and-community-engagement-in-Primary-Health-Networks,
  author  = {Stephen Duckett},
  title   = {Consumer and community engagement in Primary Health Networks},
  journal = {Health Voices -- Journal of the Consumers Health Forum of Australia},
  date    = {2015-04-28},
}


@Article{Tony-2015-AFR-Direct-action-can-be-turned-into-a-real-climate-policy,
  author  = {Tony Wood},
  title   = {Direct action can be turned into a real climate policy},
  journal = {Australian Financial Review},
  date    = {2015-04-28},
}


@Article{Paul-2015-theAge-The-selfishness-that-s-tearing-Melbourne-apart,
  author  = {Paul Donegan},
  title   = {The selfishness that's tearing Melbourne apart},
  journal = {The Age},
  date    = {2015-04-29},
}


@Article{Ittima-2015-theConvo-Collecting-student-loans-from-overseas-debtors-just-a-start,
  author  = {Ittima Cherastidtham},
  title   = {Collecting student loans from overseas debtors just a start},
  journal = {The Conversation},
  date    = {2015-05-05},
}


@Article{John-2015-Drum-Victorian-budget-built-on-unstable-foundations,
  author  = {John Daley and Danielle Wood},
  title   = {Victorian budget built on unstable foundations},
  journal = {The Drum},
  date    = {2015-05-06},
}


@Article{John-2015-AFR-Budget-2015-The-St-Augustine-budget-wants-to-be-virtuous-but-not-yet,
  author  = {John Daley},
  title   = {Budget 2015: The St Augustine budget, wants to be virtuous, but not yet},
  journal = {Australian Financial Review},
  date    = {2015-05-07},
}


@Article{Peter-2015-theConvo-E-health-prevention-and-primary-care,
  author  = {Peter Breadon},
  title   = {E-health, prevention and primary care},
  journal = {The Conversation},
  date    = {2015-05-12},
}


@Article{Marion-2015-theConvo-Budget-infrastructure-spending-serves-mainly-political-goals,
  author  = {Marion Terrill},
  title   = {Budget infrastructure spending serves mainly political goals},
  journal = {The Conversation},
  date    = {2015-05-13},
}


@Article{John-2015-theConvo-A-dull-and-routine-budget-that-relies-on-group-denial,
  author  = {John Daley and Danielle Wood},
  title   = {A `dull and routine' budget that relies on group denial},
  journal = {The Conversation},
  date    = {2015-05-13},
}


@Article{Tony-2015-theConvo-Federal-Budget-2015-environment-experts-react,
  author  = {Tony Wood},
  title   = {Federal Budget 2015 -- environment experts react},
  journal = {The Conversation},
  date    = {2015-05-13},
}


@Article{John-2015-AFR-Health-funding-Hospital-funding-cuts-strain-Fed-state-relations,
  author  = {John Daley},
  title   = {Health funding: Hospital funding cuts strain Fed-state relations},
  journal = {Australian Financial Review},
  date    = {2015-05-14},
}


@Article{Peter-2015-theOz-Budget-wimps-out-on-drugs,
  author  = {Peter Breadon},
  title   = {Budget wimps out on drugs},
  journal = {The Australian},
  date    = {2015-05-15},
}


@Article{Tony-2015-theConvo-A-tale-of-two-futures-Australia-s-economy-under-climate-change,
  author  = {Tony Wood},
  title   = {A tale of two futures: Australia's economy under climate change},
  journal = {The Conversation},
  date    = {2015-05-15},
}


@Article{John-2015-theOz-Budget-analysis-Future-taxpayers-will-pay-the-price,
  author  = {John Daley and Danielle Wood},
  title   = {Budget analysis: Future taxpayers will pay the price},
  journal = {The Australian},
  date    = {2015-05-16},
}


@Article{John-2015-WeekendWest-Budget-repair-hopes-rest-on-a-brief-storm,
  author  = {John Daley and Brendan Coates},
  title   = {Budget repair hopes rest on a brief storm},
  journal = {Weekend West},
  date    = {2015-05-16},
}


@Article{Tony-2015-theConvo-Without-a-safeguard-Australia-will-burn-through-our-emissions-target,
  author  = {Tony Wood},
  title   = {Without a safeguard, Australia will burn through our emissions target},
  journal = {The Conversation},
  date    = {2015-05-19},
}


@Article{Andrew-2015-theOz-STEM-the-wasteful-write-offs,
  author  = {Andrew Norton},
  title   = {STEM the wasteful write-offs},
  journal = {The Australian},
  date    = {2015-05-20},
}


@Article{Tony-2015-AFR-Reform-network-rules-to-cut-PV-money-waste,
  author  = {Tony Wood},
  title   = {Reform network rules to cut PV money waste},
  journal = {Australian Financial Review},
  date    = {2015-05-24},
}


@Article{David-2015-theAge-Here-comes-the-solar-power-revolution,
  author  = {David Blowers},
  title   = {Here comes the solar power revolution},
  journal = {The Age},
  date    = {2015-05-25},
}


@Article{Andrew-2015-theConvo-Keeping-public-priorities-in-public-universities,
  author  = {Andrew Norton},
  title   = {Keeping public priorities in public universities},
  journal = {The Conversation},
  date    = {2015-05-28},
}


@Article{Tony-2015-Guardian-We-didn-t-demonise-solar-the-Grattan-Institute-responds-to-its-critics,
  author  = {Tony Wood},
  title   = {We didn't demonise solar: the Grattan Institute responds to its critics},
  journal = {The Guardian},
  date    = {2015-05-29},
}


@Article{Jim-2015-theConvo-Super-fees-vary-wildly-and-it-will-hurt-your-retirement-income,
  author  = {Jim Minifie},
  title   = {Super fees vary wildly, and it will hurt your retirement income},
  journal = {The Conversation},
  date    = {2015-06-09},
}


@Article{John-2015-theOz-Super-system-allows-some-big-earners-a-tax-edge,
  author  = {John Daley},
  title   = {Super system allows some big earners a tax edge},
  journal = {The Australian},
  date    = {2015-06-12},
}


@Article{Stephen-2015-CanberraTimes-Big-pharma-foxes-in-the-hen-house,
  author  = {Stephen Duckett},
  title   = {Big pharma foxes in the hen house},
  journal = {Canberra Times},
  date    = {2015-06-21},
}


@Article{Tony-2015-AFR-Australia-has-a-huge-stake-in-the-global-energy-and-climate-puzzle,
  author  = {Tony Wood},
  title   = {Australia has a huge stake in the global energy and climate puzzle},
  journal = {Australian Financial Review},
  date    = {2015-06-22},
}


@Article{Stephen-2015-Guardian-We-can-save-300m-in-the-PBS-with-rules-we-already-have-So-why-don-t-we-,
  author  = {Stephen Duckett and Peter Breadon},
  title   = {We can save $300m in the PBS with rules we already have. So why don't we?},
  journal = {The Guardian},
  date    = {2015-06-22},
}


@Article{John-2015-SMH-NSW-budget-2015-It-s-time-to-get-rid-of-stamp-duty,
  author  = {John Daley and Danielle Wood},
  title   = {NSW budget 2015: It's time to get rid of stamp duty},
  journal = {Sydney Morning Herald},
  date    = {2015-06-23},
}


@Article{John-2015-theOz-Rent-rise-fears-are-overstated,
  author  = {John Daley and Danielle Wood},
  title   = {Rent rise fears are overstated},
  journal = {The Australian},
  date    = {2015-07-03},
}


@Article{Tony-2015-AFR-Energy-policy-lacks-clear-direction,
  author  = {Tony Wood},
  title   = {Energy policy lacks clear direction},
  journal = {Australian Financial Review},
  date    = {2015-07-08},
}


@Article{Marion-2015-theConvo-On-the-road-research-can-improve-transport-across-Australia,
  author  = {Marion Terrill},
  title   = {On the road: research can improve transport across Australia},
  journal = {The Conversation},
  date    = {2015-07-09},
}


@Article{John-2015-AFR-Grattan-Institute-says-property-taxes-can-fix-state-budgets-as-GST-falls-away,
  author  = {John Daley and Brendan Coates},
  title   = {Grattan Institute says property taxes can fix state budgets as GST falls away},
  journal = {Australian Financial Review},
  date    = {2015-07-15},
}


@Article{Stephen-2015-theConvo-Forget-health-takeovers-here-s-how-to-fix-hospital-funding-and-chronic-disease-care,
  author  = {Stephen Duckett and Peter Breadon},
  title   = {Forget health takeovers, here's how to fix hospital funding and chronic disease care},
  journal = {The Conversation},
  date    = {2015-07-15},
}


@Article{Tony-2015-theConvo-The-latest-turn-in-the-twisty-history-of-Labor-s-climate-policies,
  author  = {Tony Wood},
  title   = {The latest turn in the twisty history of Labor's climate policies},
  journal = {The Conversation},
  date    = {2015-07-17},
}


@Article{John-2015-theOz-Property-levy-the-most-efficient-tax-for-statess,
  author  = {John Daley and Brendan Coates},
  title   = {Property levy the most efficient tax for statess},
  journal = {The Australian},
  date    = {2015-07-20},
}


@Article{John-2015-theConvo-Leaders-debate-the-GST-what-you-need-to-know,
  author  = {John Daley},
  title   = {Leaders debate the GST: what you need to know},
  journal = {The Conversation},
  date    = {2015-07-22},
}


@Article{David-2015-theAge-Renewable-energy-debate-in-Australia-needs-to-focus-on-emissions,
  author  = {David Blowers and Cameron Chisholm},
  title   = {Renewable energy debate in Australia needs to focus on emissions},
  journal = {The Age},
  date    = {2015-07-23},
}


@Article{Tony-2015-theConvo-Labor-embraces-renewables-at-the-cost-of-good-climate-policy,
  author  = {Tony Wood},
  title   = {Labor embraces renewables at the cost of good climate policy},
  journal = {The Conversation},
  date    = {2015-07-23},
}


@Article{Pete-2015-theOz-Targeted-teaching-How-to-get-the-best-from-our-schoolchildren,
  author  = {Pete Goss and Jordana Hunter},
  title   = {Targeted teaching: How to get the best from our schoolchildren},
  journal = {The Australian},
  date    = {2015-07-27},
}


@Article{Pete-2015-SMH-One-size-fits-all-past-its-NAPLAN-use-by-date,
  author  = {Pete Goss and Jordana Hunter},
  title   = {One-size-fits-all past its NAPLAN use-by date},
  journal = {Sydney Morning Herald},
  date    = {2015-08-05},
}


@Article{Jim-2015-AFR-An-uber-headache-may-help-consumers-win,
  author  = {Jim Minifie},
  title   = {An uber-headache may help consumers win},
  journal = {Australian Financial Review},
  date    = {2015-08-09},
}


@Article{Tony-2015-AFR-Lots-of-targets-but-no-credible-climate-policy,
  author  = {Tony Wood},
  title   = {Lots of targets but no credible climate policy},
  journal = {Australian Financial Review},
  date    = {2015-08-11},
}


@Article{Stephen-2015-theConvo-Australians-are-undergoing-unnecessary-surgery-here-s-what-we-can-do-about-it,
  author  = {Stephen Duckett and Peter Breadon},
  title   = {Australians are undergoing unnecessary surgery -- here's what we can do about it},
  journal = {The Conversation},
  date    = {2015-08-17},
}


@Article{Andrew-2015-theConvo-How-does-your-choice-of-university-affect-your-future-,
  author  = {Andrew Norton and David Carroll},
  title   = {How does your choice of university affect your future?},
  journal = {The Conversation},
  date    = {2015-08-26},
}


@Article{Andrew-2015-theConvo-The-price-of-prestige-how-university-status-affects-fees,
  author  = {Andrew Norton and Ittima C},
  title   = {The price of prestige: how university status affects fees},
  journal = {The Conversation},
  date    = {2015-08-30},
}


@Article{John-2015-theOz-We-should-be-grown-up-about-GST,
  author  = {John Daley and Danielle Wood},
  title   = {We should be grown up about GST},
  journal = {The Australian},
  date    = {2015-09-14},
}


@Article{John-2015-theOz-Prime-Minister-Malcolm-Turnbull-promised-stronger-economic-leadership-What-should-his-priorities-be-,
  author  = {John Daley},
  title   = {Prime Minister Malcolm Turnbull promised stronger economic leadership. What should his priorities be?},
  journal = {The Australian},
  date    = {2015-09-16},
}


@Article{Tony-2015-AFR-Policy-needs-to-dovetail-with-climate-change-reality,
  author  = {Tony Wood},
  title   = {Policy needs to dovetail with climate change reality},
  journal = {Australian Financial Review},
  date    = {2015-09-17},
}


@Article{Danielle-2015-theConvo-Grade-repetition-there-are-better-ways-to-move-kids-forward-than-by-holding-them-back,
  author  = {Danielle Romanes and Jordana Hunter},
  title   = {Grade repetition: there are better ways to move kids forward than by holding them back},
  journal = {The Conversation},
  date    = {2015-09-21},
}


@Article{John-2015-AFR-Super-tax-breaks-stop-subsidising-rich-retirees,
  author  = {John Daley},
  title   = {Super tax breaks: stop subsidising rich retirees},
  journal = {Australian Financial Review},
  date    = {2015-09-27},
}


@Article{John-2015-theConvo-Five-reasons-the-Turnbull-government-shouldn-t-let-us-spend-super-on-a-home,
  author  = {John Daley and Brendan Coates},
  title   = {Five reasons the Turnbull government shouldn't let us spend super on a home},
  journal = {The Conversation},
  date    = {2015-09-30},
}


@Article{Tony-2015-SMH-Emissions-targets-still-falling-short,
  author  = {Tony Wood},
  title   = {Emissions targets still falling short},
  journal = {Sydney Morning Herald},
  date    = {2015-09-30},
}


@Article{Andrew-2015-AFR-The-uni-reform-plan-that-was-never-sold-on-merit,
  author  = {Andrew Norton},
  title   = {The uni reform plan that was never sold on merit},
  journal = {Australian Financial Review},
  date    = {2015-10-06},
}


@Article{Tony-2015-AFR-Josh-Frydenberg-must-clean-up-Australia-s-energy-policy-mess,
  author  = {Tony Wood},
  title   = {Josh Frydenberg must clean up Australia's energy policy mess},
  journal = {Australian Financial Review},
  date    = {2015-10-07},
}


@Article{Stephen-2015-theConvo-A-21st-century-health-system-means-seamless-care-and-ongoing-reform,
  author  = {Stephen Duckett},
  title   = {A 21st-century health system means seamless care and ongoing reform},
  journal = {The Conversation},
  date    = {2015-10-07},
}


@Article{John-2015-theAge-Half-truths-obscure-the-debate-over-superannuation-tax-breaks,
  author  = {John Daley and Brendan Coates},
  title   = {Half-truths obscure the debate over superannuation tax breaks},
  journal = {The Age},
  date    = {2015-10-13},
}


@Article{Jim-2015-MoneyManagement-Super-governance-not-the-biggest-issue,
  author  = {Jim Minifie},
  title   = {Super governance not the biggest issue},
  journal = {Money Management},
  date    = {2015-10-14},
}


@Article{Jim-2015-AFR-Turning-the-government-s-post-FSI-plans-into-superannuation-policy,
  author  = {Jim Minifie},
  title   = {Turning the government's post-FSI plans into superannuation policy},
  journal = {Australian Financial Review},
  date    = {2015-10-20},
}


@Article{Andrew-2015-theConvo-Universities-use-students-tuition-fees-to-boost-research-rather-than-teaching-data-shows,
  author  = {Andrew Norton},
  title   = {Universities use students' tuition fees to boost research rather than teaching, data shows},
  journal = {The Conversation},
  date    = {2015-11-01},
}


@Article{Stephen-2015-theAge-Private-health-insurance-to-cover-the-GP-gap-is-a-costly-mistake,
  author  = {Stephen Duckett},
  title   = {Private health insurance to cover the GP gap is a costly mistake},
  journal = {The Age},
  date    = {2015-11-09},
}


@Article{Pete-2015-theOz-How-to-maximise-Gonski-funding-for-schools,
  author  = {Pete Goss},
  title   = {How to maximise Gonski funding for schools},
  journal = {The Australian},
  date    = {2015-11-10},
}


@Article{Stephen-2015-theConvo-Aged-and-confused-why-the-private-health-insurance-industry-is-ripe-for-reform,
  author  = {Stephen Duckett},
  title   = {Aged and confused: why the private health insurance industry is ripe for reform},
  journal = {The Conversation},
  date    = {2015-11-10},
}


@Article{John-2015-theConvo--Catch-up-super-contributions-a-tax-break-for-rich-old-men-,
  author  = {John Daley and Brendan Coates},
  title   = {`Catch up' super contributions: a tax break for rich (old men)},
  journal = {The Conversation},
  date    = {2015-11-25},
}


@Article{Tony-2015-TheStrategist-Energy-policy-and-climate-targets-interplay-interactions-and-implications,
  author  = {Tony Wood},
  title   = {Energy policy and climate targets: interplay, interactions and implications},
  journal = {The Strategist},
  date    = {2015-11-26},
}


@Article{Stephen-2015-InsideStory-Reforming-healthcare-an-early-signpost,
  author  = {Stephen Duckett},
  title   = {Reforming healthcare: an early signpost},
  journal = {Inside Story},
  date    = {2015-12-02},
}


@Article{Stephen-2015-theConvo-Government-policy-not-consumer-behaviour-is-driving-rising-Medicare-costs,
  author  = {Stephen Duckett},
  title   = {Government policy, not consumer behaviour, is driving rising Medicare costs},
  journal = {The Conversation},
  date    = {2015-12-02},
}


@Article{Marion-2015-theConvo-Innovation-statement-must-reinvent-the-wheel-or-throw-it-away,
  author  = {Marion Terrill},
  title   = {Innovation statement must reinvent the wheel -- or throw it away},
  journal = {The Conversation},
  date    = {2015-12-02},
}


@Article{John-2015-theOz-Superannuation-tax-reform-keep-it-simple-make-it-fairer,
  author  = {John Daley},
  title   = {Superannuation tax reform: keep it simple, make it fairer},
  journal = {The Australian},
  date    = {2015-12-03},
}


@Article{John-2015-theConvo-What-would-make-a-GST-increase-fair-,
  author  = {John Daley and Danielle Wood and Hugh Parsonage},
  title   = {What would make a GST increase `fair'?},
  journal = {The Conversation},
  date    = {2015-12-07},
}


@Article{Tony-2015-theConvo-Connecting-the-dots-the-Northern-Territory-enters-the-eastern-gas-market,
  author  = {Tony Wood},
  title   = {Connecting the dots: the Northern Territory enters the eastern gas market},
  journal = {The Conversation},
  date    = {2015-12-08},
}


@Article{John-2015-SMH-Lifting-the-GST-would-be-win-win-for-states-Commonwealth,
  author  = {John Daley and Danielle Wood},
  title   = {Lifting the GST would be win-win for states, Commonwealth},
  journal = {Sydney Morning Herald},
  date    = {2015-12-08},
}


@Article{Tony-2015-AFR-Paris-will-give-Canberra-a-new-policy-headache,
  author  = {Tony Wood},
  title   = {Paris will give Canberra a new policy headache},
  journal = {Australian Financial Review},
  date    = {2015-12-15},
}


@Article{Stephen-2015-theConvo-MYEFO-2015-government-adopts-more-realistic-economic-outlook-experts-react,
  author  = {Stephen Duckett},
  title   = {MYEFO 2015 -- government adopts `more realistic' economic outlook: experts react},
  journal = {The Conversation},
  date    = {2015-12-15},
}


@Article{Tony-2015-theConvo-No-climate-policy-is-perfect-here-s-how-to-choose-the-best-one,
  author  = {Tony Wood},
  title   = {No climate policy is perfect: here's how to choose the best one},
  journal = {The Conversation},
  date    = {2015-12-17},
}


@Article{Ittima-2016-theConvo-FactCheck-does-Australia-run-one-of-the-most-generous-student-loan-schemes-in-the-world-,
  author  = {Ittima Cherastidtham},
  title   = {FactCheck: does Australia run one of the most generous student loan schemes in the world?},
  journal = {The Conversation},
  date    = {2016-01-06},
}


@Article{Peter-2016-theAge-Schools-crisis-comes-with-massive-waste-of-tax-dollars,
  author  = {Peter Goss},
  title   = {Schools crisis comes with massive waste of tax dollars},
  journal = {The Age},
  date    = {2016-01-22},
}


@Article{Peter-2016-theConvo-Should-you-worry-about-a-schools-shortage-,
  author  = {Peter Goss},
  title   = {Should you worry about a schools shortage?},
  journal = {The Conversation},
  date    = {2016-01-22},
}


@Article{Stephen-2016-theConvo-Health-in-2016-a-cheat-sheet-on-hospitals-Medicare-and-private-health-insurance-reform,
  author  = {Stephen Duckett},
  title   = {Health in 2016: a cheat sheet on hospitals, Medicare and private health insurance reform},
  journal = {The Conversation},
  date    = {2016-02-01},
}


@Article{Tony-2016-AFR-Victoria-goes-slow-on-electricity-tariff-reform,
  author  = {Tony Wood},
  title   = {Victoria goes slow on electricity tariff reform},
  journal = {Australian Financial Review},
  date    = {2016-02-04},
}


@Article{John-2016-theConvo-Australia-is-not-Greece-but-its-economy-is-obese-and-unfit,
  author  = {John Daley},
  title   = {Australia is not Greece, but its economy is obese and unfit},
  journal = {The Conversation},
  date    = {2016-02-15},
}


@Article{John-2016-theAge-Labor-s-tax-policy-is-courageous,
  author  = {John Daley and Danielle Wood},
  title   = {Labor's tax policy is courageous},
  journal = {The Age},
  date    = {2016-02-16},
}


@Article{John-2016-theConvo-Three-myths-on-negative-gearing-the-housing-industry-wants-you-to-believe,
  author  = {John Daley and Danielle Wood},
  title   = {Three myths on negative gearing the housing industry wants you to believe},
  journal = {The Conversation},
  date    = {2016-02-17},
}


@Article{John-2016-AFR-Reform-needed-but-appetite-lacking,
  author  = {John Daley},
  title   = {Reform needed but appetite lacking},
  journal = {Australian Financial Review},
  date    = {2016-02-20},
}


@Article{Stephen-2016-theConvo-Blood-money-pathology-cuts-can-reduce-spending-without-compromising-health,
  author  = {Stephen Duckett},
  title   = {Blood money: pathology cuts can reduce spending without compromising health},
  journal = {The Conversation},
  date    = {2016-02-22},
}


@Article{John-2016-Guardian-The-property-industry-s-mining-tax-style-negative-gearing-campaign-is-a-test-for-democracy,
  author  = {John Daley and Danielle Wood},
  title   = {The property industry's mining-tax-style negative gearing campaign is a test for democracy},
  journal = {The Guardian},
  date    = {2016-02-24},
}


@Article{Tony-2016-AFR-NSW-power-price-cut-caught-in-regulatory-mess,
  author  = {Tony Wood},
  title   = {NSW power price cut caught in regulatory mess},
  journal = {Australian Financial Review},
  date    = {2016-03-02},
}


@Article{Jim-2016-theConvo-It-s-time-to-drop-Australia-s-protectionist-anti-dumping-rules,
  author  = {Jim Minifie and Danielle Wood},
  title   = {It's time to drop Australia's protectionist anti-dumping rules},
  journal = {The Conversation},
  date    = {2016-03-02},
}


@Article{Andrew-2016-theConvo-Should-we-scrap-the-ATAR-What-are-the-alternative-options-Experts-comment,
  author  = {Andrew Norton},
  title   = {Should we scrap the ATAR? What are the alternative options? Experts comment},
  journal = {The Conversation},
  date    = {2016-03-03},
}


@Article{Marion-2016-AFR-The-Australian-infrastructure-deficit-that-isn-t,
  author  = {Marion Terrill and Brendan Coates},
  title   = {The Australian `infrastructure deficit' that isn't},
  journal = {Australian Financial Review},
  date    = {2016-03-08},
}


@Article{John-2016-theConvo-Negative-gearing-changes-won-t-drive-all-investors-from-the-housing-market-here-s-why,
  author  = {John Daley and Danielle Wood},
  title   = {Negative gearing changes won't drive all investors from the housing market -- here's why},
  journal = {The Conversation},
  date    = {2016-03-08},
}


@Article{John-2016-AFR-We-can-cut-super-tax-breaks-and-still-give-people-a-good-retirement,
  author  = {John Daley},
  title   = {We can cut super tax breaks and still give people a good retirement},
  journal = {Australian Financial Review},
  date    = {2016-03-11},
}


@Article{Stephen-2016-MedicalJournalofAustralia-Lessons-from-Bacchus-Marsh,
  author  = {Stephen Duckett},
  title   = {Lessons from Bacchus Marsh},
  journal = {Medical Journal of Australia},
  date    = {2016-03-14},
}


@Article{Marion-2016-SMH-We-need-to-cut-wasteful-spending-on-infrastructure,
  author  = {Marion Terrill},
  title   = {We need to cut wasteful spending on infrastructure},
  journal = {Sydney Morning Herald},
  date    = {2016-03-15},
}


@Article{Pete-2016-theAge-NAPLAN-analysis-points-out-policy-gaps,
  author  = {Pete Goss and Julie Sonnemann},
  title   = {NAPLAN analysis points out policy gaps},
  journal = {The Age},
  date    = {2016-03-22},
}


@Article{Tony-2016-theConvo-Turnbull-s-renewable-fund-could-drive-much-needed-investment-but-,
  author  = {Tony Wood},
  title   = {Turnbull's renewable fund could drive much-needed investment, but\dots{}},
  journal = {The Conversation},
  date    = {2016-03-23},
}


@Article{Pete-2016-theOz-Public-vs-private-school-funding-a-distraction-from-what-matters,
  author  = {Pete Goss and Julie Sonnemann},
  title   = {Public vs private school funding a distraction from what matters},
  journal = {The Australian},
  date    = {2016-04-01},
}


@Article{Stephen-2016-theConvo-Another-day-another-hospital-funding-dispute-how-to-make-sense-of-today-s-COAG-talks,
  author  = {Stephen Duckett},
  title   = {Another day, another hospital funding dispute -- how to make sense of today's COAG talks},
  journal = {The Conversation},
  date    = {2016-04-01},
}


@Article{Pete-2016-theConvo-Split-funding-idea-for-schools-has-big-risks-and-few-clear-benefits,
  author  = {Pete Goss and Julie Sonnemann},
  title   = {Split funding idea for schools has big risks and few clear benefits},
  journal = {The Conversation},
  date    = {2016-04-01},
}


@Article{Marion-2016-SMH-Why-public-transport-infrastructure-projects-need-rigorous-assessment,
  author  = {Marion Terrill},
  title   = {Why public transport infrastructure projects need rigorous assessment},
  journal = {Sydney Morning Herald},
  date    = {2016-04-04},
}


@Article{Marion-2016-CanberraTimes-Governments-shouldn-t-play-politics-with-infrastructure-funding,
  author  = {Marion Terrill},
  title   = {Governments shouldn't play politics with infrastructure funding},
  journal = {Canberra Times},
  date    = {2016-04-04},
}


@Article{Marion-2016-theConvo-Flawed-GST-system-skews-state-transport-projects,
  author  = {Marion Terrill and Owain Emslie},
  title   = {Flawed GST system skews state transport projects},
  journal = {The Conversation},
  date    = {2016-04-08},
}


@Article{David-2016-RenewEconomy-How-Coalition-and-Labor-can-agree-on-scheme-to-price-carbon-emissions,
  author  = {David Blowers},
  title   = {How Coalition and Labor can agree on scheme to price carbon emissions},
  journal = {Renew Economy},
  date    = {2016-04-11},
}


@Article{Tony-2016-AFR-Road-map-points-way-to-stable-climate-policy,
  author  = {Tony Wood},
  title   = {Road map points way to stable climate policy},
  journal = {Australian Financial Review},
  date    = {2016-04-11},
}


@Article{John-2016-theConvo-Why-it-is-good-policy-not-bad-politics-to-ignore-bad-modelling-on-negative-gearing,
  author  = {John Daley},
  title   = {Why it is good policy, not bad politics, to ignore bad modelling on negative gearing},
  journal = {The Conversation},
  date    = {2016-04-12},
}


@Article{Jim-2016-theAge-Uber-Victoria-must-allow-ride-sharing-despite-the-costs,
  author  = {Jim Minifie},
  title   = {Uber: Victoria must allow ride-sharing despite the costs},
  journal = {The Age},
  date    = {2016-04-14},
}


@Article{Jim-2016-ANZBlueNotes-Why-policy-needs-to-adapt-to-the-sharing-economy,
  author  = {Jim Minifie},
  title   = {Why policy needs to adapt to the sharing economy},
  journal = {ANZ Blue Notes},
  date    = {2016-04-26},
}


@Article{John-2016-theAge-Government-spin-can-t-hide-the-harm-of-negative-gearing,
  author  = {John Daley},
  title   = {Government spin can't hide the harm of negative gearing},
  journal = {The Age},
  date    = {2016-04-26},
}


@Article{John-2016-Guardian-Reducing-the-capital-gains-tax-discount-is-an-easy-win-Why-is-the-government-ignoring-it-,
  author  = {John Daley and Danielle Wood},
  title   = {Reducing the capital gains tax discount is an easy win. Why is the government ignoring it?},
  journal = {The Guardian},
  date    = {2016-04-26},
}


@Article{John-2016-AFR-Sorry-Malcolm-you-are-wrong-on-negative-gearing,
  author  = {John Daley},
  title   = {Sorry Malcolm, you are wrong on negative gearing},
  journal = {Australian Financial Review},
  date    = {2016-04-27},
}


@Article{Marion-2016-theConvo-Budget-explainer-does-Australia-really-have-an-infrastructure-deficit-,
  author  = {Marion Terrill and Brendan Coates},
  title   = {Budget explainer: does Australia really have an infrastructure deficit?},
  journal = {The Conversation},
  date    = {2016-04-28},
}


@Article{John-2016-theConvo-Australia-s-government-is-too-big-smaller-government-could-help-fix-the-budget,
  author  = {John Daley},
  title   = {Australia's government is too big -- smaller government could help fix the budget},
  journal = {The Conversation},
  date    = {2016-04-28},
}


@Article{John-2016-theAge-A-few-home-truths-on-tax-spoil-outlook-for-Tim-Pallas-Victorian-budget-bonanza,
  author  = {John Daley and Brendan Coates},
  title   = {A few home truths on tax spoil outlook for Tim Pallas' Victorian budget bonanza},
  journal = {The Age},
  date    = {2016-04-28},
}


@Article{John-2016-AFR-In-denial-over-our-big-spending-habits,
  author  = {John Daley},
  title   = {In denial over our big-spending habits},
  journal = {Australian Financial Review},
  date    = {2016-05-03},
}


@Article{Pete-2016-theConvo-Federal-government-is-back-in-the-game-in-school-education,
  author  = {Pete Goss},
  title   = {Federal government is back in the game in school education},
  journal = {The Conversation},
  date    = {2016-05-03},
}


@Article{Pete-2016-EducationReview-Budget-underwhelms-by-not-settling-school-funding-wars,
  author  = {Pete Goss},
  title   = {Budget underwhelms by not settling school funding wars},
  journal = {Education Review},
  date    = {2016-05-04},
}


@Article{John-2016-theConvo-Three-critical-tests-for-Budget-2016-how-does-it-fare-,
  author  = {John Daley and Danielle Wood},
  title   = {Three critical tests for Budget 2016: how does it fare?},
  journal = {The Conversation},
  date    = {2016-05-04},
}


@Article{Andrew-2016-CampusReview-Budget-offers-more-questions-than-answers,
  author  = {Andrew Norton},
  title   = {Budget offers more questions than answers},
  journal = {Campus Review},
  date    = {2016-05-04},
}


@Article{John-2016-theConvo--Retrospective-claims-on-super-changes-are-a-furphy,
  author  = {John Daley},
  title   = {`Retrospective' claims on super changes are a furphy},
  journal = {The Conversation},
  date    = {2016-05-06},
}


@Article{John-2016-theConvo-Super-contribution-cap-changes-could-end-up-benefiting-the-rich,
  author  = {John Daley and Brendan Coates},
  title   = {Super contribution cap changes could end up benefiting the rich},
  journal = {The Conversation},
  date    = {2016-05-10},
}


@Article{Stephen-2016-theConvo-Federal-budget-2016-health-experts-react,
  author  = {Stephen Duckett},
  title   = {Federal budget 2016: health experts react},
  journal = {The Conversation},
  date    = {2016-05-03},
}


@Article{Brendan-2016-theConvo-Election-FactCheck-does-Labor-have-a-19-5b-black-hole-in-its-funding-plan-,
  author  = {Brendan Coates},
  title   = {Election FactCheck: does Labor have a $19.5b black hole in its funding plan?},
  journal = {The Conversation},
  date    = {2016-05-10},
}


@Article{John-2016-theConvo-Infographic-the-size-of-Australia-s-government,
  author  = {John Daley},
  title   = {Infographic: the size of Australia's government},
  journal = {The Conversation},
  date    = {2016-05-03},
}


@Article{Pete-2016-theConvo-Why-both-Labor-and-Coalition-are-wrong-about-their-claims-on-the-economic-value-of-education,
  author  = {Pete Goss and Julie Sonnemann},
  title   = {Why both Labor and Coalition are wrong about their claims on the economic value of education},
  journal = {The Conversation},
  date    = {2016-05-17},
}


@Article{Andrew-2016-AFR-Universities-can-be-reformed-but-one-piece-at-a-time,
  author  = {Andrew Norton},
  title   = {Universities can be reformed, but one piece at a time},
  journal = {Australian Financial Review},
  date    = {2016-05-17},
}


@Article{John-2016-theConvo-The-full-story-on-company-tax-cuts-and-your-hip-pocket,
  author  = {John Daley and Brendan Coates},
  title   = {The full story on company tax cuts and your hip pocket},
  journal = {The Conversation},
  date    = {2016-05-18},
}


@Article{Tony-2016-AFR-A-heavy-price-to-pay-for-Labor-s-gas-protectionism,
  author  = {Tony Wood},
  title   = {A heavy price to pay for Labor's gas protectionism},
  journal = {Australian Financial Review},
  date    = {2016-05-19},
}


@Article{John-2016-AFR-Rose-tinted-budget-outlook-does-neither-party-any-favours,
  author  = {John Daley and Brendan Coates},
  title   = {Rose-tinted budget outlook does neither party any favours},
  journal = {Australian Financial Review},
  date    = {2016-05-20},
}


@Article{John-2016-theConvo-Why-the-budget-income-tax-cuts-look-fair-in-the-longer-run,
  author  = {John Daley and Hugh Parsonage},
  title   = {Why the budget income tax cuts look fair -- in the longer run},
  journal = {The Conversation},
  date    = {2016-05-20},
}


@Article{Stephen-2016-InsideStory-Chill-winds-for-doctors-and-their-patients,
  author  = {Stephen Duckett},
  title   = {Chill winds for doctors, and their patients},
  journal = {Inside Story},
  date    = {2016-05-20},
}


@Article{John-2016-theConvo--Who-loses-most-is-not-always-the-right-question,
  author  = {John Daley and Brendan Coates},
  title   = {`Who loses most' is not always the right question},
  journal = {The Conversation},
  date    = {2016-05-26},
}


@Article{Jim-2016-AFR-The-reforms-we-need-to-help-Australia-avoid-economic-stagnation,
  author  = {Jim Minifie},
  title   = {The reforms we need to help Australia avoid economic stagnation},
  journal = {Australian Financial Review},
  date    = {2016-05-30},
}


@Article{Stephen-2016-theConvo-Telstra-Health-will-hold-Australians-cancer-details-so-we-need-to-ensure-their-privacy-is-protected,
  author  = {Stephen Duckett},
  title   = {Telstra Health will hold Australians' cancer details, so we need to ensure their privacy is protected},
  journal = {The Conversation},
  date    = {2016-05-30},
}


@Article{Marion-2016-theConvo-Election-FactCheck-Has-public-infrastructure-investment-fallen-20-under-the-Coalition-,
  author  = {Marion Terrill},
  title   = {Election FactCheck: Has public infrastructure investment fallen 20% under the Coalition?},
  journal = {The Conversation},
  date    = {2016-05-31},
}


@Article{Tony-2016-GreenBuildingCouncil-Are-we-there-yet-6-months-on-from-COP21,
  author  = {Tony Wood},
  title   = {Are we there yet? 6 months on from COP21},
  journal = {Green Building Council},
  date    = {2016-06-02},
}


@Article{John-2016-theConvo-Tax-free-super-is-intergenerational-theft,
  author  = {John Daley and Brendan Coates},
  title   = {Tax-free super is intergenerational theft},
  journal = {The Conversation},
  date    = {2016-06-03},
}


@Article{Jim-2016-AFR-Election-2016-Childcare-should-be-better-for-taxpayer-and-disadvantaged-kids,
  author  = {Jim Minifie},
  title   = {Election 2016: Childcare should be better for taxpayer and disadvantaged kids},
  journal = {Australian Financial Review},
  date    = {2016-06-09},
}


@Article{Stephen-2016-theConvo-Patient-advocate-or-doctors-union-How-the-AMA-flexes-its-political-muscle,
  author  = {Stephen Duckett},
  title   = {Patient advocate or doctors' union? How the AMA flexes its political muscle},
  journal = {The Conversation},
  date    = {2016-06-09},
}


@Article{John-2016-Guardian-Here-are-the-problems-the-next-government-should-face-Will-they-,
  author  = {John Daley},
  title   = {Here are the problems the next government should face. Will they?},
  journal = {The Guardian},
  date    = {2016-06-15},
}


@Article{Stephen-2016-AFR-Election-2016-Hospital-funding-debate-a-black-hole-for-policy-substance,
  author  = {Stephen Duckett},
  title   = {Election 2016: Hospital funding debate a `black hole' for policy substance},
  journal = {Australian Financial Review},
  date    = {2016-06-15},
}


@Article{Jim-2016-theConvo-Digital-disruption-STEM-graduates-and-more-regulation-not-the-answer,
  author  = {Jim Minifie},
  title   = {Digital disruption: STEM graduates and more regulation not the answer},
  journal = {The Conversation},
  date    = {2016-06-16},
}


@Article{Andrew-2016-theConvo-How-the-two-major-parties-shape-up-on-debate-around-student-loan-reform,
  author  = {Andrew Norton},
  title   = {How the two major parties shape up on debate around student loan reform},
  journal = {The Conversation},
  date    = {2016-06-16},
}


@Article{Stephen-2016-theConvo-Is-Medicare-under-threat-Making-sense-of-the-privatisation-debate,
  author  = {Stephen Duckett},
  title   = {Is Medicare under threat? Making sense of the privatisation debate},
  journal = {The Conversation},
  date    = {2016-06-23},
}


@Article{Marion-2016-theConvo-Election-2016-will-the-infrastructure-promises-meet-Australia-s-needs-,
  author  = {Marion Terrill},
  title   = {Election 2016: will the infrastructure promises meet Australia's needs?},
  journal = {The Conversation},
  date    = {2016-06-27},
}


@Article{John-2016-AFR-Budget-2016-Both-parties-budget-plans-are-simply-hoping-for-the-best,
  author  = {John Daley and Brendan Coates},
  title   = {Budget 2016: Both parties' budget plans are simply hoping for the best},
  journal = {Australian Financial Review},
  date    = {2016-06-28},
}


@Article{Pete-2016-SMH-Pay-up-or-take-a-chance-on-education,
  author  = {Pete Goss and Julie Sonnemann},
  title   = {Pay up or take a chance on education},
  journal = {Sydney Morning Herald},
  date    = {2016-06-30},
}


@Article{Stephen-2016-Drum-Lessons-on-health-for-whoever-forms-government,
  author  = {Stephen Duckett},
  title   = {Lessons on health for whoever forms government},
  journal = {The Drum},
  date    = {2016-07-04},
}


@Article{John-2016-AFR-Election-2016-How-can-we-actually-get-any-reform-done-from-here,
  author  = {John Daley},
  title   = {Election 2016: How can we actually get any reform done from here},
  journal = {Australian Financial Review},
  date    = {2016-07-06},
}


@Article{Stephen-2016-AFR-Election-2016-An-open-letter-to-Malcolm-Turnbull-on-Medicare,
  author  = {Stephen Duckett},
  title   = {Election 2016: An open letter to Malcolm Turnbull on Medicare},
  journal = {Australian Financial Review},
  date    = {2016-07-07},
}


@Article{Stephen-2016-InsideStory-Reshaping-Medicare,
  author  = {Stephen Duckett},
  title   = {Reshaping Medicare},
  journal = {Inside Story},
  date    = {2016-07-08},
}


@Article{Jim-2016-theConvo-What-the-government-should-do-now-economic-growth,
  author  = {Jim Minifie},
  title   = {What the government should do now: economic growth},
  journal = {The Conversation},
  date    = {2016-07-12},
}


@Article{John-2016-theConvo-The-policy-agenda-what-the-government-should-do-now,
  author  = {John Daley},
  title   = {The policy agenda: what the government should do now},
  journal = {The Conversation},
  date    = {2016-07-11},
}


@Article{Stephen-2016-theConvo-Many-Australians-pay-too-much-for-health-care-here-s-what-the-government-needs-to-do-,
  author  = {Stephen Duckett},
  title   = {Many Australians pay too much for health care -- here's what the government needs to do },
  journal = {The Conversation},
  date    = {2016-07-13},
}


@Article{Tony-2016-theConvo-Australia-s-energy-sector-is-in-critical-need-of-reform,
  author  = {Tony Wood},
  title   = {Australia's energy sector is in critical need of reform},
  journal = {The Conversation},
  date    = {2016-07-14},
}


@Article{Marion-2016-theConvo-How-to-make-cities-work-better-here-s-what-the-government-needs-to-do,
  author  = {Marion Terrill},
  title   = {How to make cities work better -- here's what the government needs to do},
  journal = {The Conversation},
  date    = {2016-07-14},
}


@Article{Andrew-2016-theConvo-Finding-ways-forward-when-higher-education-reform-options-are-limited,
  author  = {Andrew Norton},
  title   = {Finding ways forward when higher education reform options are limited},
  journal = {The Conversation},
  date    = {2016-07-15},
}


@Article{Pete-2016-theConvo-Three-schools-reforms-that-will-lift-student-outcomes,
  author  = {Pete Goss},
  title   = {Three schools reforms that will lift student outcomes},
  journal = {The Conversation},
  date    = {2016-07-15},
}


@Article{John-2016-AFR-Who-is-affected-by-the-Turnbull-government-s-proposed-superannuation-changes,
  author  = {John Daley},
  title   = {Who is affected by the Turnbull government's proposed superannuation changes},
  journal = {Australian Financial Review},
  date    = {2016-07-18},
}


@Article{Stephen-2016-theOz-Make-the-most-of-health-workers-skills-and-save-money,
  author  = {Stephen Duckett},
  title   = {Make the most of health workers' skills and save money},
  journal = {The Australian},
  date    = {2016-07-19},
}


@Article{John-2016-theConvo-A-realistic-strategy-for-federal-budget-repair,
  author  = {John Daley and Brendan Coates},
  title   = {A realistic strategy for federal budget repair},
  journal = {The Conversation},
  date    = {2016-07-19},
}


@Article{Stephen-2016-theConvo-Don-t-just-blame-older-Australians-for-increased-hospital-demand,
  author  = {Stephen Duckett},
  title   = {Don't just blame older Australians for increased hospital demand},
  journal = {The Conversation},
  date    = {2016-07-20},
}


@Article{Tony-2016-AFR-From-reliable-and-cheap-to-patchy-and-expensive-South-Australia-s-energy-policy,
  author  = {Tony Wood},
  title   = {From reliable and cheap to patchy and expensive: South Australia's energy policy},
  journal = {Australian Financial Review},
  date    = {2016-07-20},
}


@Article{Tony-2016-Guardian-The-electricity-price-hike-blame-game-a-sad-product-of-a-dismal-climate-change-debate,
  author  = {Tony Wood and David Blowers},
  title   = {The electricity price hike blame game: a sad product of a dismal climate change debate},
  journal = {The Guardian},
  date    = {2016-07-21},
}


@Article{Stephen-2016-theAge-Interventions-needed-in-areas-of-high-hospital-admission-rates,
  author  = {Stephen Duckett},
  title   = {Interventions needed in areas of high hospital admission rates},
  journal = {The Age},
  date    = {2016-07-22},
}


@Article{Stephen-2016-theConvo-Your-postcode-shouldn-t-determine-your-health-or-whether-you-re-admitted-to-hospital,
  author  = {Stephen Duckett},
  title   = {Your postcode shouldn't determine your health -- or whether you're admitted to hospital},
  journal = {The Conversation},
  date    = {2016-07-25},
}


@Article{Stephen-2016-SunraysiaDaily-Why-do-so-many-Mildura-residents-have-dental-disease-,
  author  = {Stephen Duckett},
  title   = {Why do so many Mildura residents have dental disease?},
  journal = {Sunraysia Daily},
  date    = {2016-07-25},
}


@Article{Peter-2016-Guardian-Education-funding-we-should-be-wary-of-simplistic-arguments-about-money-and-outcomes,
  author  = {Peter Goss},
  title   = {Education funding: we should be wary of simplistic arguments about money and outcomes},
  journal = {The Guardian},
  date    = {2016-08-03},
}


@Article{Jim-2016-theConvo-PC-sets-groundwork-for-long-awaited-look-at-super-competition-and-efficiency,
  author  = {Jim Minifie},
  title   = {PC sets groundwork for long-awaited look at super competition and efficiency},
  journal = {The Conversation},
  date    = {2016-08-03},
}


@Article{Stephen-2016-ConsumersHealthForumofAustralia-Dos-and-don-ts-for-the-new-government,
  author  = {Stephen Duckett},
  title   = {Dos and don'ts for the new government},
  journal = {Consumers Health Forum of Australia},
  date    = {2016-08-09},
}


@Article{Andrew-2016-theConvo-Should-students-pay-different-fees-for-university-courses-,
  author  = {Andrew Norton},
  title   = {Should students pay different fees for university courses?},
  journal = {The Conversation},
  date    = {2016-08-04},
}


@Article{Jim-2016-BrisbaneTimes-Ride-sharing-reforms-a-win-for-Queenslanders,
  author  = {Jim Minifie},
  title   = {Ride-sharing reforms: a win for Queenslanders},
  journal = {Brisbane Times},
  date    = {2016-08-11},
}


@Article{Tony-2016-AFR-COAG-Energy-Council-paves-the-way-for-big-electricity-reforms,
  author  = {Tony Wood},
  title   = {COAG Energy Council paves the way for big electricity reforms},
  journal = {Australian Financial Review},
  date    = {2016-08-22},
}


@Article{Tony-2016-theConvo-Australia-s-new-focus-on-gas-could-be-playing-with-fire,
  author  = {Tony Wood},
  title   = {Australia's new focus on gas could be playing with fire},
  journal = {The Conversation},
  date    = {2016-08-23},
}


@Article{John-2016-theConvo-A-super-test-for-Australia-s-political-system,
  author  = {John Daley and Brendan Coates},
  title   = {A super test for Australia's political system},
  journal = {The Conversation},
  date    = {2016-08-25},
}


@Article{Pete-2016-theConvo-FactCheck-has-education-spending-gone-up-while-student-achievement-has-stalled-or-declined-,
  author  = {Pete Goss},
  title   = {FactCheck: has education spending gone up while student achievement has stalled or declined?},
  journal = {The Conversation},
  date    = {2016-09-07},
}


@Article{Tony-2016-AFR-Climate-Change-Authority-gives-pragmatic-climate-energy-plan,
  author  = {Tony Wood},
  title   = {Climate Change Authority gives pragmatic climate energy plan},
  journal = {Australian Financial Review},
  date    = {2016-09-07},
}


@Article{Pete-2016-AFR-School-funding-rose-10-billion-in-the-last-10-years-So-where-did-the-money-go-,
  author  = {Pete Goss},
  title   = {School funding rose $10 billion in the last 10 years. So where did the money go?},
  journal = {Australian Financial Review},
  date    = {2016-09-11},
}


@Article{Marion-2016-theConvo-Road-user-charging-belongs-on-the-political-agenda-as-the-best-answer-for-congestion-management,
  author  = {Marion Terrill and Owain Emslie},
  title   = {Road user charging belongs on the political agenda as the best answer for congestion management},
  journal = {The Conversation},
  date    = {2016-09-12},
}


@Article{Pete-2016-AFR-A-simple-and-immediate-fix-for-schools-funding,
  author  = {Pete Goss},
  title   = {A simple and immediate fix for schools funding},
  journal = {Australian Financial Review},
  date    = {2016-09-22},
}


@Article{Pete-2016-theConvo-Let-s-meet-in-the-middle-on-schools-funding,
  author  = {Pete Goss},
  title   = {Let's meet in the middle on schools funding},
  journal = {The Conversation},
  date    = {2016-09-23},
}


@Article{Tony-2016-theOz-South-Australia-s-electric-shock-has-lessons-for-the-entire-nation,
  author  = {Tony Wood},
  title   = {South Australia's electric shock has lessons for the entire nation},
  journal = {The Australian},
  date    = {2016-09-26},
}


@Article{David-2016-TheAdvertiser-South-Australia-needs-to-work-hard-to-ensure-producing-clean-energy-costs-as-little-as-possible,
  author  = {David Blowers},
  title   = {South Australia needs to work hard to ensure producing clean energy costs as little as possible},
  journal = {The Advertiser},
  date    = {2016-09-23},
}


@Article{Tony-2016-Guardian-There-are-two-issues-the-South-Australian-blackout-should-make-us-think-about,
  author  = {Tony Wood},
  title   = {There are two issues the South Australian blackout should make us think about},
  journal = {The Guardian},
  date    = {2016-09-30},
}


@Article{Tony-2016-AFR-Governments-must-take-stock-from-SA-s-electric-shock,
  author  = {Tony Wood},
  title   = {Governments must take stock from SA's electric shock},
  journal = {Australian Financial Review},
  date    = {2016-09-30},
}


@Article{Andrew-2016-AFR-Slow-path-to-getting-fee-reform-in-university-sector,
  author  = {Andrew Norton},
  title   = {Slow path to getting fee reform in university sector},
  journal = {Australian Financial Review},
  date    = {2016-10-01},
}


@Article{John-2016-theConvo-The-superannuation-myth-why-it-s-a-mistake-to-increase-contributions-to-12-of-earnings,
  author  = {John Daley and Brendan Coates and Hugh Parsonage},
  title   = {The superannuation myth: why it's a mistake to increase contributions to 12% of earnings},
  journal = {The Conversation},
  date    = {2016-10-03},
}


@Article{Pete-2016-EducationMattersMagazine-People-pressure-Planning-changes-in-your-school-population,
  author  = {Pete Goss},
  title   = {People pressure: Planning changes in your school population},
  journal = {Education Matters Magazine},
  date    = {2016-10-05},
}


@Article{Tony-2016-AFR-Keeping-our-climate-commitments-and-the-lights-on,
  author  = {Tony Wood},
  title   = {Keeping our climate commitments and the lights on},
  journal = {Australian Financial Review},
  date    = {2016-10-10},
}


@Article{Stephen-2016-CanberraTimes-One-step-back-for-data-release-but-it-needs-to-keep-moving-ahead,
  author  = {Stephen Duckett},
  title   = {One step back for data release, but it needs to keep moving ahead},
  journal = {Canberra Times},
  date    = {2016-10-11},
}


@Article{John-2016-AFR-Following-the-ACT-land-tax-approach-boosts-growth-and-state-budgets,
  author  = {John Daley and Brendan Coates},
  title   = {Following the ACT land tax approach boosts growth and state budgets},
  journal = {Australian Financial Review},
  date    = {2016-10-19},
}


@Article{Marion-2016-AFR-The-huge-28-billion-cost-of-transport-infrastructure-cost-blowouts,
  author  = {Marion Terrill},
  title   = {The huge $28 billion cost of transport infrastructure cost blowouts},
  journal = {Australian Financial Review},
  date    = {2016-10-24},
}


@Article{Marion-2016-theConvo-Spectacular-cost-blowouts-show-need-to-keep-governments-honest-on-transport,
  author  = {Marion Terrill},
  title   = {Spectacular cost blowouts show need to keep governments honest on transport},
  journal = {The Conversation},
  date    = {2016-10-24},
}


@Article{Tony-2016-AFR-Hazelwood-closure-adds-urgency-to-an-investable-climate-policy,
  author  = {Tony Wood},
  title   = {Hazelwood closure adds urgency to an investable climate policy},
  journal = {Australian Financial Review},
  date    = {2016-11-03},
}


@Article{John-2016-theConvo-The-government-shouldn-t-use-super-to-help-low-income-savers,
  author  = {John Daley and Brendan Coates and William Young},
  title   = {The government shouldn't use super to help low-income savers},
  journal = {The Conversation},
  date    = {2016-11-15},
}


@Article{John-2016-theConvo-Why-special-tax-breaks-for-seniors-should-go,
  author  = {John Daley and Brendan Coates and William Young},
  title   = {Why special tax breaks for seniors should go},
  journal = {The Conversation},
  date    = {2016-11-20},
}


@Article{John-2016-HuffPo-Australia-can-t-afford-a-gap-between-the-taxed-and-the-taxed-nots,
  author  = {John Daley and William Young},
  title   = {Australia can't afford a gap between the taxed and the taxed nots},
  journal = {Huffington Post},
  date    = {2016-11-21},
}


@Article{Stephen-2016-CanberraTimes-Sugary-drinks-cost-us-dearly-and-should-be-taxed,
  author  = {Stephen Duckett},
  title   = {Sugary drinks cost us dearly and should be taxed},
  journal = {Canberra Times},
  date    = {2016-11-22},
}


@Article{Stephen-2016-HealthVoices--JournaloftheConsumersHealthForumofAustralia-Three-challenges-facing-health-workforce-reform,
  author  = {Stephen Duckett},
  title   = {Three challenges facing health workforce reform},
  journal = {Health Voices -- Journal of the Consumers Health Forum of Australia},
  date    = {2016-11-22},
}


@Article{Pete-2016-theOz-School-funding-circuit-breaker-with-appeal-to-all,
  author  = {Pete Goss},
  title   = {School funding circuit breaker with appeal to all},
  journal = {The Australian},
  date    = {2016-11-28},
}


@Article{Pete-2016-theConvo-New-model-for-school-funding-that-won-t-break-the-budget,
  author  = {Pete Goss and Kate Griffiths},
  title   = {New model for school funding that won't break the budget},
  journal = {The Conversation},
  date    = {2016-11-28},
}


@Article{Marion-2016-theConvo-Government-response-to-Infrastructure-Australia-offers-no-grounds-for-optimism,
  author  = {Marion Terrill and Hugh Batrouney},
  title   = {Government response to Infrastructure Australia offers no grounds for optimism},
  journal = {The Conversation},
  date    = {2016-11-30},
}


@Article{Pete-2016-Guardian-International-maths-and-science-rankings-keep-calm-but-change-direction,
  author  = {Pete Goos and Julie Sonnemann},
  title   = {International maths and science rankings: keep calm but change direction},
  journal = {The Guardian},
  date    = {2016-11-30},
}


@Article{Stephen-2016-theConvo-Introducing-competition-to-the-health-sector-should-be-treated-with-caution,
  author  = {Stephen Duckett},
  title   = {Introducing competition to the health sector should be treated with caution},
  journal = {The Conversation},
  date    = {2016-12-05},
}


@Article{Marion-2016-SMH-Mike-Baird-can-make-real-reforms-in-response-to-the-light-rail-saga,
  author  = {Marion Terrill and Lucille Danks},
  title   = {Mike Baird can make real reforms in response to the light rail saga},
  journal = {Sydney Morning Herald},
  date    = {2016-12-09},
}


@Article{Tony-2016-theConvo-Emissions-trading-for-electricity-is-the-sensible-way-forward,
  author  = {Tony Wood and David Blowers},
  title   = {Emissions trading for electricity is the sensible way forward},
  journal = {The Conversation},
  date    = {2016-12-09},
}


@Article{John-2016-theConvo-Why-every-generation-feels-entitled,
  author  = {John Daley and Brendan Coates},
  title   = {Why every generation feels entitled},
  journal = {The Conversation},
  date    = {2016-12-16},
}


@Article{John-2016-AFR-MYEFO-will-show-Peter-Costello-s-grayfare-weighing-down-our-budget,
  author  = {John Daley and Brendan Coates},
  title   = {MYEFO will show Peter Costello's grayfare weighing down our budget},
  journal = {Australian Financial Review},
  date    = {2016-12-18},
}


@Article{John-2016-theConvo-2016-17-MYEFO-experts-response-more-of-the-same-is-not-good-enough,
  author  = {John Daley and Brendan Coates},
  title   = {2016-17 MYEFO experts' response: more of the same is not good enough},
  journal = {The Conversation},
  date    = {2016-12-19},
}


@Article{Marion-2016-theConvo-MYEFO-was-just-another-example-of-politicians-playing-favourites-on-infrastructure,
  author  = {Marion Terrill and Owain Emslie and Michelle Lam},
  title   = {MYEFO was just another example of politicians playing favourites on infrastructure},
  journal = {The Conversation},
  date    = {2016-12-20},
}


