
@TechReport{MirrleesAdamBesleyEtAl2011,
  author       = {James Mirrlees and Stuart Adam and Tim Besley and Richard Blundell and Stephen Bond and Robert Chote and Malcolm Gammie and Paul Johnson and Gareth Myles and James Poterba},
  title        = {Tax by design},
  year         = {2011},
  institution  = {Institute for Fiscal Studies},
  url          = {https://www.ifs.org.uk/publications/mirrleesreview/},
}

@TechReport{PC-2014-Childcareearlychildhood,
  author       = {{PC}},
  title        = {Childcare and early childhood learning},
  year         = {2014},
  institution  = {{Productivity Commission}},
}

@Book{KellyDonegan2015-City-limits,
  author       = {Jane-Frances Kelly and Paul Donegan},
  title        = {City Limits: Why Australia's cities are broken and how we can fix them},
  shorttitle   = {City Limits},
  year         = {2015},
  address      = {Melbourne},
  publisher    = {Melbourne University Press},
}


@Misc{Budget2017-18-BP1,
  author       = {{Treasury}},
  title        = {Budget 2017-18: Budget Paper 1},
  year         = {2017},
  url          = {http://www.budget.gov.au/2017-18/content/bp1/download/bp1_bs6.pdf},
}

@Book{Leigh-2013-BattlersBillionaires,
  author       = {Andrew Leigh},
  title        = {Battlers and Billionaires. The Story of Inequality in Australia},
  year         = {2013},
  publisher    = {Black Inc.},
}

@Book{Piketty2013,
  author       = {Thomas Piketty},
  title        = {Capital in the 21st Century},
  year         = {2013},
  publisher    = {Harvard University Press},
  url          = {http://piketty.pse.ens.fr/files/capital21c/xls/},
}

@Misc{Budget2017-18-BP2,
  author       = {{Treasury}},
  title        = {Budget 2017-18: Budget Paper 2},
  year         = {2017},
  url          = {http://www.budget.gov.au/2017-18/content/bp1/download/bp1_bs6.pdf},
}

@TechReport{ABS-WagePriceIndex-Jun2017,
  author       = {{ABS}},
  title        = {Wage Price Index, Australia, Jun 2017},
  date         = {2017-08-16},
  institution  = {Australian Bureau of Statistics},
  note         = {Cat. 6345.0},
  url          = {http://www.abs.gov.au/ausstats/abs@.nsf/mf/6345.0},
}

@InProceedings{BirdSmart-2010-Assign-State-taxes-in-Fed-Aust,
  author       = {Richard Bird and Michael Smart},
  title        = {Assigning State Taxes in a Federal Country: the Case of Australia},
  year         = {2010},
  booktitle    = {Melbourne Institute--Australia's Future Tax and Transfer Policy Conference},
  pages        = {72},
}

@Article{Schlesinger_AFR_2017_Melb_price_surge,
  author       = {Larry Schlesinger},
  title        = {Melbourne land price surge puts affordability under pressure},
  date         = {2017-12-03},
  journal      = {Australian Financial Review},
  url          = {http://www.afr.com/real-estate/residential/vic/melbourne-land-price-surge-puts-affordability-under-pressure-20171130-gzwi4g},
}

@Article{hamilton_smith_2018_brisbane_apartments,
  author       = {Lexy Hamilton-Smith},
  date         = {2018-02-12},
  title        = {Brisbane apartment owners take massive hits as prices hit four-year low, values plunging},
  url          = {http://www.abc.net.au/news/2018-02-10/brisbane-apartment-buyers-market-downturn/9407918},
  journal      = {ABC Online},
}

@TechReport{DaleyWoodChivers2017RegPatterns,
  author       = {John Daley and Danielle Wood and Carmela Chivers},
  title        = {Regional patterns of Australia's economy and population},
  date         = {2017-08-02},
  institution  = {Grattan Institute},
  url          = {https://grattan.edu.au/report/regional-patterns-of-australias-economy-and-population/},
}

@Article{AtkinsonStiglitz1976,
  author       = {A Atkinson and J Stiglitz},
  title        = {The deisgn of tax structure: direct versus indirect taxation},
  journal      = {Journal of Public Economics},
  year         = {1976},
  pages        = {55-75},
  volume       = {6},
}

@TechReport{Cherastidtham2013teachingresearchnexus,
  author       = {Ittima Cherastidtham and Julie Sonnemann and Andrew Norton},
  title        = {The teaching-research nexus in higher education: Background paper supporting the Taking university teaching seriously report},
  year         = {2013},
  institution  = {Grattan Institute},
  note         = {\textsc{PDF:} \url{http://grattan.edu.au/wp-content/uploads/2013/07/191a_background_teaching-research_nexus_in_higher_education.pdf}},
  url          = {https://grattan.edu.au/report/taking-university-teaching-seriously/},
}

@TechReport{DaleyCoates-2016-How-hhlds-save-for-retirement,
  author       = {John Daley and Brendan Coates},
  title        = {How households save for retirement},
  date         = {2016-10-02},
  institution  = {Grattan Institute},
  url          = {https://grattan.edu.au/news/how-households-save-for-retirement/},
}

@TechReport{DaleyCoates-2015-Property-taxes,
  author       = {John Daley and Brendan Coates and Danielle Wood and James Button and Hugh Parsonage and Priyanka Banerjee and Rebecca Joiner},
  title        = {Property taxes},
  date         = {2015-07-14},
  institution  = {Grattan Institute},
  number       = {Report No. 2015-5},
  url          = {https://grattan.edu.au/report/property-taxes/},
}

@TechReport{DaleyCoatesWood-2015-Super-tax-targeting,
  author       = {John Daley and Brendan Coates and Danielle Wood and Hugh Parsonage},
  title        = {Super tax targeting},
  date         = {2015-11-24},
  institution  = {Grattan Institute},
  number       = {Report No. 2015-11},
  url          = {https://grattan.edu.au/report/super-tax-targeting/},
}

@TechReport{Daley-etal-2016-Submission--Wholesale-company-tax-cuts-should-be-deferred,
  author       = {John Daley and Brendan Coates and William Young},
  title        = {Wholesale company tax cuts should be deferred},
  date         = {2016-09-27},
  institution  = {Grattan Institute},
  url          = {https://grattan.edu.au/news/wholesale-company-tax-cuts-should-be-deferred/},
}

@TechReport{Daley-etal-2016-Assessing-2016-super-tax-reforms,
  author       = {John Daley and Brendan Coates and William Young and Hugh Parsonage},
  title        = {A better super system: assessing the 2016 tax reforms},
  date         = {2016-09-04},
  institution  = {Grattan Institute},
  number       = {Working Paper No. 2016-1},
  url          = {https://grattan.edu.au/report/a-better-super-system-assessing-the-2016-tax-reforms/},
}

@TechReport{Daley-etal-2016-SAPTO,
  author       = {John Daley and Brendan Coates and William Young and Hugh Parsonage},
  title        = {Age of entitlement: age-based tax breaks},
  date         = {2016-11-20},
  institution  = {Grattan Institute},
  number       = {Report No. 2016-14},
  url          = {https://grattan.edu.au/report/age-of-entitlement/},
}

@techreport{orange2016,
  author       = {John Daley and Stephen Duckett and Peter Goss and Jim Minifie and Andrew Norton and Marion Terrill and Tony Wood},
  title        = {Orange Book 2016: Priorities for the next Commonwealth Government},
  year         = {2016},
  institution  = {Grattan Institute},
  url          = {https://grattan.edu.au/wp-content/uploads/2016/06/873-Orange-Book-2016.pdf},
}

@TechReport{OrangeBook-2016,
  author       = {John Daley and Stephen Duckett and Peter Goss and Jim Minifie and Andrew Norton and Marion Terrill and Tony Wood},
  title        = {Orange Book: priorities for the next Commonwealth Government},
  date         = {2016-06-14},
  institution  = {Grattan Institute},
  number       = {Report No. 2016-9},
  url          = {https://grattan.edu.au/report/orange-book-2016-priorities-for-the-next-commonwealth-government/},
}

@TechReport{DaleyEdis2011,
  author       = {John Daley and Tristan Edis},
  title        = {Learning the hard way: Australia's policies to reduce emissions},
  date         = {2011-04-07},
  institution  = {Grattan Institute},
  number       = {Report No. 2011-2},
  url          = {https://grattan.edu.au/report/learning-the-hard-way-australias-policies-to-reduce-emissions/},
}

@TechReport{Daley-Edis-2010-Restructuring-Aust-economy-to-emit-less-C,
  author       = {John Daley and Tristan Edis and Katherine Molyneux and Helen Morrow and Marcus Walsh and Julian Reichl},
  title        = {Restructuring the Australian economy to emit less carbon},
  date         = {2010-04-22},
  institution  = {Grattan Institute},
  number       = {Report No. 2010-2},
  url          = {https://grattan.edu.au/report/restructuring-the-australian-economy-to-emit-less-carbon/},
}
@TechReport{DaleyLancy2011-Investing-regions,
  author       = {John Daley and Annette Lancy},
  title        = {Investing in regions: Making a difference},
  date         = {2011-05-24},
  institution  = {Grattan Institute},
  number       = {Report No. 2011-4},
  url          = {https://grattan.edu.au/report/investing-in-regions-making-a-difference/},
}

@TechReport{DaleyMcGannon2014,
  author       = {John Daley and Cassie McGannon},
  title        = {Submission to the Productivity Commission Inquiry on Childcare and Early Childhood Learning},
  date         = {2015-03-01},
  institution  = {Grattan Institute},
  url          = {http://grattan.edu.au/wp-content/uploads/2014/05/228_daley_mcgannon_submission_pc_childcare.pdf},
}

@TechReport{DaleyMcGannonGinnivan2012-Supportinganalysis,
  author       = {John Daley and Cassie McGannon and Leah Ginnivan},
  title        = {Game-changers: Economic reform priorities for Australia -- supporting analysis},
  year         = {2012},
  institution  = {Grattan Institute},
  note         = {\textsc{PDF:} \url{https://grattan.edu.au/wp-content/uploads/2014/04/Game_Changers_Supporting_Analysis.pdf}},
  url          = {https://grattan.edu.au/report/game-changers-economic-reform-priorities-for-australia/},
}

@TechReport{DaleyMcGannonGinnivan2012,
  author       = {John Daley and Cassie McGannon and Leah Ginnivan},
  title        = {Game-changers: Economic reform priorities for Australia},
  date         = {2012-06-15},
  institution  = {Grattan Institute},
  url          = {https://grattan.edu.au/report/game-changers-economic-reform-priorities-for-australia/},
}

@TechReport{DaleyMcGannonHunter2014,
  author       = {John Daley and Cassie McGannon and Am\'{e}lie Hunter},
  title        = {Budget Pressures on Australian Governments 2014},
  year         = {2014},
  institution  = {Grattan Institute},
  url          = {http://grattan.edu.au/report/budget-pressures-on-australian-governments-2014/},
}

@TechReport{DaleyMcGannonSavage2013BudgetPressures,
  author       = {John Daley and Cassie McGannon and Jim Savage},
  title        = {Budget Pressures on Australian Governments},
  year         = {2013},
  institution  = {Grattan Institute},
  url          = {http://grattan.edu.au/report/budget-pressures-on-australian-governments/},
}

@TechReport{DaleyEtAl-2013-BalancingBudgets,
  author       = {John Daley and Cassie McGannon and Jim Savage and Am\'{e}lie Hunter},
  title        = {Balancing budgets: Tough choices we need},
  date         = {2013-11-24},
  institution  = {Grattan Institute},
  number       = {2013-13},
  url          = {https://grattan.edu.au/report/balancing-budgets-tough-choices-we-need/},
}

@TechReport{DaleyWood-2015-FiscalChallenges,
  author       = {John Daley and Danielle Wood},
  title        = {Fiscal Challenges for Australia},
  year         = {2015},
  institution  = {Grattan Institute},
  number       = {Working Paper No. 2015-4},
  url          = {https://grattan.edu.au/report/fiscal-challenges-for-australia/},
}

@TechReport{DaleyWoodCoates2015,
  author       = {John Daley and Danielle Wood and Brendan Coates},
  title        = {Submission to Standing Committee on Tax and Revenue inquiry into the Tax Expenditures Statement},
  date         = {2015-08-04},
  institution  = {Grattan Institute},
  url          = {http://grattan.edu.au/wp-content/uploads/2015/08/Submission_Daley_Wood_Coates_Inquiry-into-tax-expenditures-statement.pdf},
}

@TechReport{DaleyWoodCoatesEtAl2015,
  author       = {John Daley and Danielle Wood and Brendan Coates and Hugh Parsonage and Cameron Harrison},
  title        = {Budget Repair},
  year         = {2015},
  institution  = {Grattan Institute},
}

@TechReport{DaleyWood2016-Negative-Gearing-CGT,
  author       = {John Daley and Danielle Wood and Hugh Parsonage},
  title        = {Hot property: Negative gearing and capital gains tax reform},
  year         = {2016},
  institution  = {Grattan Institute},
  month        = {4},
  number       = {Report No. 2016-8},
  url          = {https://grattan.edu.au/report/hot-property/},
}

@TechReport{DaleyWood-2015-GST,
  author       = {John Daley and Danielle Wood and Hugh Parsonage and Brendan Coates},
  title        = {A GST reform package},
  date         = {2015-12-06},
  institution  = {Grattan Institute},
  number       = {Report No. 2015-12},
  url          = {https://grattan.edu.au/report/a-gst-reform-package/},
}

@TechReport{DaleyWoodWeidmannHarrison-2014-Wealth-of-generations,
  author       = {John Daley and Danielle Wood and Ben Weidmann and Cameron Harrison},
  title        = {The wealth of generations},
  year         = {2014},
  institution  = {Grattan Institute},
  url          = {http://grattan.edu.au/report/the-wealth-of-generations/},
}

@TechReport{Duckett-2013-Access-all-areas,
  author       = {Stephen Duckett},
  title        = {Access all areas: new solutions for GP shortages in rural Australia},
  shorttitle   = {Access all areas},
  date         = {2013-09-29},
  institution  = {Grattan Institute},
  url          = {https://grattan.edu.au/report/access-all-areas-new-solutions-for-gp-shortages-in-rural-australia/},
}

@TechReport{Duckett-Breadon-2013-Poor-pricing-progress,
  author       = {Stephen Duckett and Peter Breadon},
  title        = {Poor pricing progress: price disclosure isn't the answer to high drug prices},
  shorttitle   = {Poor pricing progress},
  date         = {2013-12-01},
  institution  = {Grattan Institute},
  url          = {https://grattan.edu.au/report/poor-pricing-progress-price-disclosure-isnt-the-answer-to-high-drug-prices/},
}

@TechReport{Duckett-Breadon-2014,
  author       = {Duckett, Stephen and Breadon, Peter},
  title        = {Out-of-pocket costs: hitting the most vulnerable hardest, Grattan Institute submission to the Senate Standing Committee on Community Affairs Inquiry into the out-of-pocket costs in Australian healthcare},
  date         = {2014},
  institution  = {Grattan Institute},
  url          = {https://grattan.edu.au/news/new-out-of-pocket-costs-will-hit-people-with-empty-pockets/},
}

@TechReport{DuckettBreadon-2014-Unlocking-skills,
  author       = {Stephen Duckett and Peter Breadon},
  title        = {Unlocking skills in hospitals: better jobs, more care},
  date         = {2014-04-13},
  institution  = {Grattan Institute},
  url          = {https://grattan.edu.au/report/unlocking-skills-in-hospitals-better-jobs-more-care/},
}

@TechReport{Duckett-2016-Premium-policy-getting-more-from-PBS,
  author       = {Stephen Duckett and Peter Breadon},
  title        = {Premium policy? Getting better value from the PBS},
  date         = {2015-06-21},
  institution  = {Grattan Institute},
  number       = {Report No. 2015-3},
  url          = {https://grattan.edu.au/report/premium-policy-getting-better-value-from-the-pbs/},
}

@TechReport{DuckettBreadonGinnivanEtAl2013,
  author       = {Stephen Duckett and Peter Breadon and Leah Ginnivan and Prasana Venkataraman},
  title        = {Australia's bad drug deal: high pharmaceutical prices},
  shorttitle   = {Australia's bad drug deal},
  date         = {2013-03-17},
  institution  = {Grattan Institute},
  url          = {https://grattan.edu.au/report/australias-bad-drug-deal/},
}

@TechReport{DuckettEtAl-2015-Questionable-care,
  author       = {Stephen Duckett and Peter Breadon and Danielle Romanes and Paul Fennessy and Jonathan Nolan},
  title        = {Questionable care: Avoiding ineffective treatment},
  date         = {2015-08-15},
  institution  = {Grattan Institute},
  number       = {2015-7},
  url          = {https://grattan.edu.au/report/questionable-care-avoiding-ineffective-treatment/},
}

@TechReport{Duckett-2016-Perils-of-place,
  author       = {Stephen Duckett and Kate Griffiths and Hal Swerissen},
  title        = {Perils of place: identifying hotspots of health inequality},
  shorttitle   = {Perils of place},
  date         = {2016-07-24},
  institution  = {Grattan Institute},
  number       = {Report No. 2016-10},
  url          = {https://grattan.edu.au/report/perils-of-place-identifying-hotspots-of-health-inequality/},
}

@TechReport{Duckett-2016-BloodMoney,
  author       = {Stephen Duckett and Danielle Romanes and Joey Moloney and Kate Griffiths},
  title        = {Blood Money: paying for pathology services},
  shorttitle   = {Blood Money},
  date         = {2016-02-22},
  institution  = {Grattan Institute},
  number       = {Report No. 2016-1},
  url          = {https://grattan.edu.au/report/blood-money-paying-for-pathology-services/},
}

@TechReport{Duckett-2016-Sugary-drinks-tax,
  author       = {Duckett, Stephen and Swerissen, Hal and Wiltshire, Trent},
  title        = {A sugary drinks tax: recovering the community costs of obesity},
  date         = {2016-11-22},
  institution  = {Grattan Institute},
  number       = {Report No. 2016-15},
  url          = {https://grattan.edu.au/report/a-sugary-drinks-tax-recovering-the-community-costs/},
}

@TechReport{EslakeWalsh-2011-Aust-Prod-challenge,
  author       = {Saul Eslake and Marcus Walsh},
  title        = {Australia's Productivity Challenge},
  date         = {2011-02-01},
  institution  = {Grattan Institute},
  url          = {http://grattan.edu.au/report/australias-productivity-challenge/},
}

@TechReport{Goss2015TargetedTeachingHow,
  author       = {Peter Goss and Joanna Hunter and Danielle Romanes and Hugh Parsonage},
  title        = {Targeted Teaching: How Better Use of Data can Improve Student Learning},
  shorttitle   = {Targeted Teaching},
  year         = {2015},
  institution  = {Grattan Institute},
  url          = {https://grattan.edu.au/report/targeted-teaching-how-better-use-of-data-can-improve-student-learning/},
}

@TechReport{Goss-2016-Widening-gaps-NAPLAN,
  author       = {Peter Goss and Julie Sonnemann},
  title        = {Widening gaps: what NAPLAN tells us about student progress},
  date         = {2016-03-21},
  institution  = {Grattan Institute},
  number       = {Report No. 2016-3},
  url          = {http://grattan.edu.au/report/widening-gaps/},
}

@TechReport{GossSonnemann-2016-Circuit-breaker,
  author       = {Peter Goss and Julie Sonnemann and Kate Griffiths and Carmela Chivers},
  title        = {Circuit breaker: a new compact on school funding},
  shorttitle   = {Circuit breaker},
  date         = {2016-11-27},
  institution  = {Grattan Institute},
  number       = {Report No. 2016-16},
  url          = {https://grattan.edu.au/report/circuit-breaker/},
}

@TechReport{Jensen2010Investingourteachers,
  author       = {Ben Jensen},
  title        = {Investing in our teachers, investing in our economy},
  date         = {2010-11-15},
  institution  = {Grattan Institute},
  url          = {https://grattan.edu.au/report/investing-in-our-teachers-investing-in-our-economy/},
}

@TechReport{Jensen2010WhatTeachersWant,
  author       = {Ben Jensen and Am\'{e}lie Hunter},
  title        = {What teachers want: better teacher management},
  date         = {2010-05-24},
  institution  = {Grattan Institute},
  number       = {Report No. 2010-3},
  url          = {https://grattan.edu.au/report/what-teachers-want-better-teacher-management/},
}

@TechReport{Jensen-2012-Catching-up-learning-from-best-in-East-Asia,
  author       = {Ben Jensen and Am\'{e}lie Hunter and Julie Sonnemann and Tracy Burns},
  title        = {Catching up: learning from the best school systems in East Asia},
  date         = {2012-02-17},
  institution  = {Grattan Institute},
  url          = {https://grattan.edu.au/report/catching-up-learning-from-the-best-school-systems-in-east-asia/},
}

@TechReport{JensenSonnemann-2014-Making-time,
  author       = {Ben Jensen and Jordana Hunter and Julie Sonnemann and Samara Cooper},
  title        = {Making time for great teaching},
  date         = {2014-03-14},
  institution  = {Grattan Institute},
  url          = {https://grattan.edu.au/report/making-time-for-great-teaching/},
}

@TechReport{Jensen2010MeasuringWhatMatters,
  author       = {Ben Jensen and Katherine Molyneux and Am\'{e}lie Hunter},
  title        = {Measuring what matters: student progress},
  year         = {2010},
  institution  = {Grattan Institute},
  url          = {https://grattan.edu.au/report/measuring-what-matters-student-progress/},
}

@TechReport{Jensen2011BetterTeacherAppraisal,
  author       = {Ben Jensen and Julian Reichl},
  title        = {Better teacher appraisal and feedback: Improving performance},
  year         = {2011},
  institution  = {Grattan Institute},
  url          = {https://grattan.edu.au/report/better-teacher-appraisal-and-feedback-improving-performance/},
}

@TechReport{JensenSonnemann-2014-Turning-around-schools-it-can-be-done,
  author       = {Ben Jensen and Julie Sonnemann and Am\'{e}lie Hunter and Joanna Farmer and Jordana Hunter and Samara Cooper},
  title        = {Turning around schools: it can be done},
  date         = {2014-02-21},
  institution  = {Grattan Institute},
  url          = {https://grattan.edu.au/report/turning-around-schools-it-can-be-done/},
}

@TechReport{JensenWeidmannFarmer2013,
  author       = {Ben Jensen and Ben Weidmann and Joanna Farmer},
  title        = {The myth of markets in school education},
  date         = {2013-07-10},
  institution  = {Grattan Institute},
  url          = {https://grattan.edu.au/report/the-myth-of-markets-in-school-education/},
}

@TechReport{Kelly-2010-The-cities-we-need,
  author       = {Jane-Frances Kelly and Caitrin Davis and Am\'{e}lie Hunter and Helen Morrow and Daniel Mullerworth and Owen Probert and Ben Weidmann},
  title        = {The cities we need},
  date         = {2010-06-28},
  institution  = {Grattan Institute},
  number       = {Report No. 2010-4},
  url          = {https://grattan.edu.au/report/the-cities-we-need/},
}

@TechReport{JFKDonegan-2014-Mapping-Austs-economy,
  author       = {Jane-Frances Kelly and Paul Donegan},
  title        = {Mapping Australia's economy: cities as engines of prosperity},
  date         = {2014-07-20},
  institution  = {Grattan Institute},
  number       = {Report No. 2014-9},
  url          = {https://grattan.edu.au/report/mapping-australias-economy-cities-as-engines-of-prosperity/},
}

@TechReport{KellyHarrisonHunterEtAl2013,
  author       = {Jane-Frances Kelly and Cameron Harrison and Jordana Hunter and Paul Donegan},
  title        = {Renovating Housing Policy},
  year         = {2013},
  institution  = {Grattan Institute},
  url          = {https://grattan.edu.au/report/renovating-housing-policy/},
}

@TechReport{KellyMaresHarrisonEtAl2013,
  author       = {Jane-Frances Kelly and Peter Mares and Cameron Harrison and Michael O'Toole and Matthew Oberklaid and Jordana Hunter},
  title        = {Productive cities: opportunity in a changing economy},
  year         = {2013},
  institution  = {Grattan Institute},
  url          = {https://grattan.edu.au/report/productive-cities-opportunity-in-a-changing-economy/},
}

@TechReport{Kelly-2010-Cities-who-decides,
  author       = {Jane-Frances Kelly and Helen Morron and Caitrin Davis and Am\'{e}lie Hunter and Owen Probert and Ben Weidmann},
  title        = {Cities: who decides?},
  date         = {2010-10-18},
  institution  = {Grattan Institute},
  number       = {Report No. 2010-5},
  url          = {https://grattan.edu.au/report/cities-who-decides/},
}

@TechReport{KellyWeidmannWalsh2011,
  author       = {Jane-Frances Kelly and Ben Weidmann and Marcus Walsh},
  title        = {The housing we'd choose},
  year         = {2011},
  institution  = {Grattan Institute},
  url          = {https://grattan.edu.au/report/the-housing-wed-choose/},
}

@TechReport{MinifieCherastidthamMullerworthEtAl2013,
  author       = {Jim Minifie and Ittima Cherastidtham and Daniel Mullerworth and Jim Savage},
  title        = {The mining boom: impacts and prospects},
  date         = {2013-07-28},
  institution  = {Grattan Institute},
  url          = {https://grattan.edu.au/report/the-mining-boom-impacts-and-prospects/},
}

@TechReport{Minifie-Savage-Cameron-2014-Super-sting,
  author       = {Jim Minifie and Jim Savage and Tim Cameron},
  title        = {Super sting: how to stop Australians paying too much for superannuation},
  year         = {2014},
  institution  = {Grattan Institute},
  url          = {https://grattan.edu.au/report/super-sting-how-to-stop-australians-paying-too-much-for-superannuation/},
}

@TechReport{MinifieSavageCameron-2015-Super-savings,
  author       = {Jim Minifie and Jim Savage and Tim Cameron},
  title        = {Super savings},
  date         = {2015-04-19},
  institution  = {Grattan Institute},
  url          = {https://grattan.edu.au/report/super-savings/},
}

@TechReport{Minifie-Wiltshire-2016-Peer-to-peer-economy,
  author       = {Jim Minifie and Trent Wiltshire},
  title        = {Peer-to-peer pressure: policy for the sharing economy},
  date         = {2016-04-13},
  institution  = {Grattan Institute},
  number       = {Report No. 2016-7},
  url          = {https://grattan.edu.au/report/peer-to-peer/},
}

@TechReport{Norton2012MappingAustralianhigher,
  author       = {Norton, Andrew},
  title        = {Mapping Australian higher education},
  year         = {2012},
  address      = {Melbourne},
  institution  = {Grattan Institute},
  url          = {https://grattan.edu.au/report/mapping-australian-higher-education-2012/},
}

@TechReport{Norton2013Keepcapsoff,
  author       = {Andrew Norton},
  title        = {Keep the caps off! Student access and choice in higher education},
  year         = {2013},
  institution  = {Grattan Institute},
}

@TechReport{Norton2013MappingAustralianhigher,
  author       = {Andrew Norton},
  title        = {Mapping Australian higher education, 2013 version},
  date         = {2013-01-20},
  institution  = {Grattan Institute},
  number       = {Report No. 2013-1},
  url          = {https://grattan.edu.au/report/mapping-australian-higher-education-2013/},
}

@TechReport{Norton2016MappingAustralianhigher,
  author       = {Andrew Norton and Ben Cakitaki},
  title        = {Mapping Australian higher education 2016},
  year         = {2016},
  institution  = {Grattan Institute},
}

@TechReport{Norton2014Doubtfuldebtrising,
  author       = {Andrew Norton and Ittima Cherastidtham},
  title        = {Doubtful debt: the rising cost of student loans},
  shorttitle   = {Doubtful debt},
  date         = {2014-04-06},
  institution  = {Grattan Institute},
  number       = {Report No. 2014-7},
  url          = {https://grattan.edu.au/report/doubtful-debt-the-rising-cost-of-student-loans/},
}

@TechReport{Norton-MappingAustralianhigher-201415-updated,
  author       = {Andrew Norton and Ittima Cherastidtham},
  title        = {Mapping Australian higher education, 2014-15},
  date         = {2015-02-11},
  institution  = {Grattan Institute},
  number       = {Report No. 2014-11},
  url          = {https://grattan.edu.au/report/mapping-australian-higher-education-2014-15/},
}

@TechReport{Norton2015Universityfeeswhat,
  author       = {Andrew Norton and Ittima Cherastidtham},
  title        = {University fees: what students pay in deregulated markets},
  date         = {2015-08-30},
  institution  = {Grattan Institute},
  number       = {Report No. 2015-8},
  url          = {https://grattan.edu.au/report/university-fees-what-students-pay-in-deregulated-markets/},
}

@TechReport{Norton2015cashnexushow,
  author       = {Andrew Norton and Ittima Cherastidtham},
  title        = {The cash nexus: how teaching funds research in Australian universities},
  date         = {2015-11-01},
  institution  = {Grattan Institute},
  number       = {Report No. 2015-9},
  url          = {https://grattan.edu.au/report/the-cash-nexus-how-teaching-funds-research-in-australian-universities/},
}

@TechReport{Norton2016HELPfuturefairer,
  author       = {Andrew Norton and Ittima Cherastidtham},
  title        = {HELP for the future: fairer repayment of student debt},
  date         = {2016-03-28},
  institution  = {Grattan Institute},
  number       = {Report No. 2016-4},
  url          = {https://grattan.edu.au/report/help-for-the-future/},
}

@TechReport{Norton2013Takinguniversityteaching,
  author       = {Andrew Norton and Julie Sonnemann and Ittima Cherastidtham},
  title        = {Taking university teaching seriously},
  date         = {2013-07-21},
  institution  = {Grattan Institute},
  number       = {Report No. 2013-8},
  url          = {https://grattan.edu.au/report/taking-university-teaching-seriously/},
}

@TechReport{Norton2013onlineevolutionWhen,
  author       = {Andrew Norton and Julie Sonnemann and Cassie McGannon},
  title        = {The online evolution: When technology meets tradition in higher education},
  date         = {2013-04-08},
  institution  = {Grattan Institute},
  url          = {https://grattan.edu.au/report/the-online-evolution-when-technology-meets-tradition-in-higher-education/},
}

@TechReport{Norton2012-Graduate-winners,
  author       = {Andrew Norton and Ben Weidmann and Jim Savage},
  title        = {Graduate winners: Assessing the public and private benefits of higher education},
  date         = {2012-08-05},
  institution  = {Grattan Institute},
  number       = {Report No. 2012-7},
  url          = {https://grattan.edu.au/report/graduate-winners-assessing-the-public-and-private-benefits-of-higher-education/},
}

@TechReport{SavageNorton2012,
  author       = {Jim Savage and Andrew Norton},
  title        = {Non-financial benefits of higher education},
  year         = {2012},
  institution  = {Grattan Institute},
  note         = {\textsc{PDF:} \url{http://grattan.edu.au/static/files/assets/0b7377cf/164_graduate_winners_non-financial_benefits.pdf}},
  url          = {https://grattan.edu.au/report/graduate-winners-assessing-the-public-and-private-benefits-of-higher-education/},
}

@TechReport{SwerissenDuckett-2014-Dying-well,
  author       = {Hal Swerissen and Stephen Duckett},
  title        = {Dying well},
  date         = {2014-09-28},
  institution  = {Grattan Institute},
  number       = {Report No. 2014-10},
  url          = {https://grattan.edu.au/report/dying-well/},
}

@TechReport{SwerissenDuckett-2016-Chronic-failure-primary-care,
  author       = {Hal Swerissen and Stephen Duckett and Jo Wright},
  title        = {Chronic failure in primary care},
  date         = {2016-03-06},
  institution  = {Grattan Institute},
  number       = {Report No. 2016-2},
  url          = {https://grattan.edu.au/report/chronic-failure-in-primary-care/},
}

@techreport{Terrill_2016,
  author       = {Terrill, M. and Emslie, O. and Coates, B.},
  title        = {Roads to riches: Better transport investment},
  year         = {2016},
  address      = {Melbourne},
  institution  = {Grattan Institute},
  url          = {https://grattan.edu.au/report/roads-to-riches/},
}

@TechReport{Terrill-etal-2016-Cost-overruns-in-transport-infrastructure,
  author       = {Terrill, Marion and Danks, Lucille and Brendan Coates and Emslie, Owain and Hugh Parsonage and James Button},
  title        = {Cost overruns in transport infrastructure},
  date         = {2016-10-23},
  institution  = {Grattan Institute},
  number       = {Report No. 2016-13},
  url          = {https://grattan.edu.au/report/cost-overruns-in-transport-infrastructure/},
}

@TechReport{Terrill2016Roadsrichesbetter,
  author       = {Terrill, Marion and Emslie, Owain and Coates, Brendan},
  title        = {Roads to riches: better transport investment},
  shorttitle   = {Roads to riches},
  date         = {2016-04-03},
  institution  = {Grattan Institute},
  number       = {Report No. 2016-5},
  url          = {https://grattan.edu.au/report/roads-to-riches/},
}

@TechReport{Weidmann2012bAdditionalmodellingmature,
  author       = {Ben Weidmann and Andrew Norton},
  title        = {Additional modelling on mature age students -- detailed financial analysis},
  year         = {2012},
  institution  = {Grattan Institute},
}

@TechReport{WeidmannNorton2012,
  author       = {Ben Weidmann and Andrew Norton},
  title        = {Detailed financial analysis: Analysis supporting the Graduate Winners report},
  year         = {2012},
  institution  = {Grattan Institute},
  note         = {\textsc{PDF:} \url{https://grattan.edu.au/wp-content/uploads/2014/04/163_graduate_winners_report_detailed_financial_analysis.pdf}},
  url          = {https://grattan.edu.au/report/graduate-winners-assessing-the-public-and-private-benefits-of-higher-education/},
}

@TechReport{WoodBlowers-2015-Fair-pricing-for-WA,
  author       = {Tony Wood and David Blowers and Cameron Chisholm},
  title        = {Fair pricing for Western Australia's electricity},
  date         = {2015-11-23},
  institution  = {Grattan Institute},
  number       = {Report No. 2015-10},
  url          = {https://grattan.edu.au/report/fair-pricing-for-western-australias-electricity/},
}

@TechReport{WoodBlowers-2014-Gas-at-the-crossroads,
  author       = {Tony Wood and David Blowers and Cameron Chisholm and James Button},
  title        = {Gas at the crossroads: Australia's hard choice},
  date         = {2014-10-19},
  institution  = {Grattan Institute},
  number       = {Report No. 2014-12},
  url          = {https://grattan.edu.au/report/gas-at-the-crossroads-australias-hard-choice/},
}

@TechReport{WoodBlowers-2015-Sundown-sunrise,
  author       = {Tony Wood and David Blowers and Cameron Chisholm and James Button and Jessica Stone},
  title        = {Sundown, sunrise: how Australia can finally get solar power right},
  date         = {2015-05-24},
  institution  = {Grattan Institute},
  number       = {Report No. 2015-2},
  url          = {https://grattan.edu.au/report/sundown-sunrise-how-australia-can-finally-get-solar-power-right/},
}

@TechReport{WoodBlowers-2016-Post-paris,
  author       = {Tony Wood and David Blowers and Greg Moran},
  title        = {Post Paris: Australia's climate policy options},
  shorttitle   = {Post Paris},
  date         = {2015-12-15},
  institution  = {Grattan Institute},
  number       = {Working Paper No. 2015-13},
  url          = {https://grattan.edu.au/report/post-paris-australias-climate-policy-options/},
}

@TechReport{WoodBlowers-2016-Keeping-the-lights-on-SA,
  author       = {Tony Wood and David Blowers and Greg Moran},
  title        = {Keeping the lights on: lessons from South Australia's power shock},
  date         = {2016-09-25},
  institution  = {Grattan Institute},
  number       = {Report No. 2016-12},
  url          = {https://grattan.edu.au/report/keeping-the-lights-on-lessons-from-south-australias-power-shock/},
}

@TechReport{WoodBlowers-2015-Post-Paris,
  author       = {Tony Wood and David Blowers and Greg Moran and Cameron Chisholm and Thornton McCamish},
  title        = {Climate phoenix: a sustainable Australian climate policy},
  date         = {2015-12-15},
  institution  = {Grattan Institute},
  number       = {Working Paper No. 2015-13},
  url          = {https://grattan.edu.au/report/post-paris-australias-climate-policy-options/},
}

@TechReport{WoodBlowers-2016-Climate-phoenix,
  author       = {Tony Wood and David Blowers and Greg Moran and Thornton McCamish},
  title        = {Climate phoenix: a sustainable Australian climate policy},
  date         = {2016-04-10},
  institution  = {Grattan Institute},
  number       = {Report No. 2016-6},
  url          = {https://grattan.edu.au/report/climate-phoenix-a-sustainable-australian-climate-policy/},
}

@TechReport{WoodCarter-2016-Shock-to-the-system,
  author       = {Tony Wood and Lucy Carter and Cameron Harrison and James Button},
  title        = {Shock to the system: dealing with the falling electricity demand},
  date         = {2013-12-10},
  institution  = {Grattan Institute},
  number       = {Report No. 2013-15},
  url          = {https://grattan.edu.au/report/shock-to-the-system-dealing-with-falling-electricity-demand/},
}

@TechReport{WoodCarter-Fair-pricing-for-power,
  author       = {Tony Wood and Lucy Carter and Cameron Harrison and James Button},
  title        = {Fair pricing for power},
  date         = {2014-07-06},
  institution  = {Grattan Institute},
  number       = {Report No. 2014-8},
  url          = {https://grattan.edu.au/report/fair-pricing-for-power/},
}

@TechReport{WoodCarter-2016-Getting-gas-right,
  author       = {Tony Wood and Lucy Carter and Daniel Mullerworth and James Button},
  title        = {Getting gas right: Australia's energy challenge},
  date         = {2013-06-16},
  institution  = {Grattan Institute},
  number       = {Report No. 2013-6},
  url          = {https://grattan.edu.au/report/getting-gas-right-australias-energy-challenge/},
}
@TechReport{WoodEdis-2011-New-protectionism,
  author       = {Tony Wood and Tristan Edis},
  title        = {New protectionism under carbon pricing: case studies of LNG, coal mining and steel sectors},
  year         = {2011},
  institution  = {Grattan Institute},
  number       = {Report No. 2011-6},
  url          = {https://grattan.edu.au/report/new-protectionism-under-carbon-pricing/},
}

@TechReport{WoodHunterOTooleEtAl2012,
  author       = {Tony Wood and Am\'{e}lie Hunterand Michael O'Toole and Prasana Venkataraman and Lucy Carter},
  title        = {Putting the customer back in front: How to make electricity cheaper},
  date         = {2012-12-02},
  institution  = {Grattan Institute},
  number       = {Report No. 2012-09},
  url          = {https://grattan.edu.au/report/putting-the-customer-back-in-front-how-to-make-electricity-prices-cheaper/},
}

@TechReport{WoodEdis-2012-No-easy-choices,
  author       = {Tony Wood and Am\'{e}lie Hunterand Prasanna Venkataraman and Michael O'Toole and Lucy Carter},
  title        = {No easy choices: which way to Australia's energy future},
  date         = {2012-02-06},
  institution  = {Grattan Institute},
  number       = {Report No. 2012-2},
  url          = {https://grattan.edu.au/report/no-easy-choices-which-way-to-australias-energy-future/},
}

@TechReport{WoodMullerworth2012,
  author       = {Tony Wood and Daniel Mullerworth},
  title        = {Building the bridge: a practical plan for a low-cost, low-emissions energy future},
  year         = {2012},
  institution  = {Grattan Institute},
  number       = {Report No. 2012-6},
  url          = {https://grattan.edu.au/report/building-the-bridge-a-practical-plan-for-a-low-cost-low-emissions-energy-future/},
}

